3075 4917
189 377 351 445 sopp.
543 373 751 426 rnurururr
782 373 856 425 urs.
879 374 935 425 xr.
1201 362 1289 428 roro

190 519 347 604 bimaiti
359 514 496 586 innubit
506 514 635 594 Gmaar,
656 519 812 601 quamvis
832 517 955 583 Mhum
972 519 1182 601 negamus.
1207 517 1289 585 'Neo

191 621 295 688 multo
308 625 385 704 post
399 617 534 682 Curtius
550 616 660 681 Rufus
677 617 819 682 eundem
837 617 995 682 honorem
1009 620 1212 704 adipiscitur,
1228 619 1287 703 qui

190 722 226 784 in
247 740 329 801 agro
351 718 540 784 Mattiaco³⁸
563 719 746 784 recluserat
767 739 890 803 specus
911 719 1099 802 quaerendis
1120 720 1215 784 venis
1237 739 1288 784 ar-

188 883 273 932 britror
280 882 402 932 meimet.
434 881 470 930 Et
477 882 549 945 portio
556 887 610 946 post
621 883 719 933 moro
727 883 878 944 Rasusirlem
889 885 957 932 decas
963 884 1147 947 monuerant
1157 884 1183 933 ἐκ
1192 884 1289 944 regione

190 947 310 997 Morum
327 946 559 1011 marsosum
576 947 748 1010 immam
765 951 830 997 mais
849 948 962 1011 orgortr'5
976 950 1037 997 anda
1054 948 1168 998 maritmis
1187 950 1288 1010 tasum,

191 1158 323 1216 corrupta:
342 1152 369 1201 id
386 1160 436 1215 est,
450 1158 611 1216 arcerentur,
626 1152 833 1217 prohiberentur,
844 1153 1058 1217 nerestagnando
1068 1154 1144 1203 terris
1154 1156 1289 1211 nocerent,

189 1222 220 1266 ot
231 1218 286 1280 jam
303 1217 445 1280 explicavit
455 1217 481 1270 J.
493 1218 524 1266 F.
537 1213 682 1267 Gronovius
693 1216 710 1264 i.
723 1230 741 1265 1.
753 1214 862 1268 Observ.
873 1232 898 1266 c.
909 1224 933 1267 o.
945 1225 991 1267 aut
1002 1225 1031 1267 ut
1043 1218 1121 1267 Diod.
1133 1218 1151 1265 Ι.
1161 1215 1213 1265 Ἵνα
1223 1216 1255 1276 μὴ
1266 1215 1290 1264 oi

187 1278 1289 1409 umremurmuransruberrumi·uirtutum

189 1409 493 1459 PuteolanusMocirioco.
527 1411 610 1460 Recte
630 1407 794 1458 emendatum
815 1410 941 1461 Μαῆίαιο.
973 1410 1006 1459 In
1022 1410 1113 1459 eodem
1128 1422 1191 1472 agro
1202 1407 1287 1456 fontes

189 1480 273 1535 mut,
283 1472 316 1522 dc
326 1473 419 1537 quihus
430 1473 530 1523 Plinius
540 1487 623 1524 xxxi.
634 1478 659 1524 a.
676 1474 759 1522 ‘Sunt
769 1478 799 1523 et
809 1474 929 1524 Mattiaci
943 1474 969 1523 iu
980 1474 1120 1525 Germania
1129 1471 1215 1522 fontes
1226 1470 1290 1519 caii·

189 1536 218 1586 di
229 1543 299 1587 trans
315 1538 449 1588 Rhenum?
480 1538 548 1588 Haec
567 1553 626 1589 cunr
642 1538 680 1587 ita
691 1538 752 1596 sint,
763 1537 854 1587 mirum
865 1554 926 1588 rane
942 1538 1072 1588 videbitur
1081 1536 1197 1587 Tacitum
1209 1536 1288 1597 scrip·

189 1599 289 1652 risseio
304 1602 393 1651 libello
404 1601 437 1651 de
448 1602 566 1652 Moribus
580 1602 704 1653 German.
717 1615 742 1650 v.
755 1616 783 1650 se
795 1601 895 1652 nescire
906 1609 992 1652 utrum
1003 1603 1055 1652 ulia
1066 1601 1212 1651 Germania
1224 1612 1290 1648 vena

188 1671 322 1727 argentum
333 1680 454 1715 aurumve
465 1667 562 1730 gignat.
596 1666 729 1723 Qmim
748 1665 939 1724 smutmasesti
971 1666 1022 1716 Sed
1041 1666 1081 1714 vel
1099 1666 1132 1713 de
1151 1662 1290 1713 Germanis

187 1728 292 1786 Tacitus
302 1729 343 1778 hic
354 1730 477 1793 loquitur,
487 1732 530 1779 vei
540 1745 598 1779 curn
609 1730 664 1779 haec
677 1728 813 1790 scriberet,
824 1731 857 1779 ad
869 1730 986 1779 Curtium
997 1728 1091 1780 Rufum
1103 1743 1153 1778 non
1164 1726 1287 1776 attendit.

189 1791 270 1841 Certe
281 1807 333 1842 non
343 1794 530 1844 emendandum
547 1794 665 1856 Musiaco,
685 1800 715 1843 ot
732 1794 787 1842 volt
807 1795 919 1857 Lipsius,
931 1794 976 1857 qui
993 1793 1026 1842 de
1044 1790 1136 1841 Africa
1154 1790 1288 1854 intelligit.

188 1854 269 1907 Patet
279 1869 311 1905 ex
322 1872 381 1922 cap.
393 1871 447 1923 seq.
458 1856 554 1908 Rufum
566 1864 628 1908 tnnc
638 1871 690 1910 non
698 1856 777 1907 fuisse
787 1856 814 1908 in
823 1856 922 1909 Africa.
944 1857 1051 1907 Brota‘er.

688 2022 797 2073 NOTAE

189 2132 265 2190 ⁸⁰⁰4
283 2127 379 2179 Christi
388 2133 446 2178 tt:
466 2133 624 2181 atuotatrrtn
640 2143 720 2194 supra
759 2134 803 2180 tus
814 2134 842 2179 et
853 2129 1033 2179 inundationes
1045 2128 1154 2179 Oceani.
1200 2176 1206 2181 ,

189 2220 213 2270 c.
225 2210 266 2257 11.
289 2205 448 2255 iiticmooiar.
793 2205 893 2269 Oreum]
908 2207 1030 2257 Oceanus
1037 2205 1206 2255 Germanicus
1214 2204 1291 2255 alluit

140 2328 143 2332 ,
221 2281 652 2344 ²QuoiucertoOcccnioctorerrtur]
666 2282 719 2332 Dio
760 2296 830 2331 oram
846 2282 993 2333 Germaniae
1012 2281 1132 2346 regionis,
1147 2287 1175 2332 et
1194 2280 1289 2332 Galliae

188 2358 395 2421 interpretatur:
420 2372 455 2406 ne
476 2355 547 2407 fluvii
568 2358 596 2408 in
619 2358 720 2420 Oceani
759 2364 871 2420 partem.
903 2357 990 2407 Hodie
1006 2355 1291 2407 vocamusMerd’Atia·

74 2445 83 2458 ‘
189 2439 257 2484 aratu
267 2430 406 2483 refluentes
417 2438 655 2497 superstaguarent.
670 2434 720 2483 Fu·
759 2434 905 2498 magnave!
918 2433 1065 2484 NoordZee.
1086 2431 1262 2482 rlillemonius.

188 2509 240 2558 isse
251 2523 313 2572 ergo
323 2523 457 2558 necessum
473 2515 514 2558 cst
523 2506 617 2557 fossam
625 2523 682 2557 eam
693 2509 720 2558 in
792 2510 845 2559 ⁸1n
855 2525 914 2572 agro
923 2510 1051 2573 Mattiaco]
1065 2511 1207 2572 Suspectus
1217 2509 1290 2559 roem

187 2584 317 2640 inferioris
336 2584 452 2635 Bataviaa
468 2589 553 2649 parte,
568 2584 637 2633 inter
653 2584 720 2632 Rhe·
760 2586 911 2651 Lipsio,qui
923 2587 1039 2649 Mucium,
1055 2587 1097 2636 vel
1114 2588 1238 2649 Mozpuco,
1253 2584 1290 2634 ie-

189 2674 250 2712 uum
275 2665 392 2711 veterem
411 2660 581 2723 Musamque:
601 2656 645 2706 ubi
663 2657 720 2708 fere
758 2661 869 2724 genum
892 2666 988 2724 pntat;
1011 2662 1055 2727 qui
1079 2662 1170 2726 populi
1191 2659 1293 2710 Africa

189 2735 286 2799 ubique
296 2736 366 2785 inter
376 2734 441 2785 duos
451 2732 544 2784 fluvios
555 2734 632 2783 trium
644 2739 671 2782 et
682 2733 721 2783 vi·
759 2743 827 2786 snut.

189 2811 255 2875 giuti
264 2810 410 2862 milliarium
421 2810 595 2878 interuallum.
791 2813 833 2868 Ea
843 2813 929 2862 verbis
940 2813 1025 2863 Taciti
1035 2827 1058 2864 c.
1072 2818 1112 2863 21.
1123 2819 1240 2861 extremo
1251 2825 1294 2868 sa«,

222 2886 307 2949 Supra
322 2899 412 2947 agrum
431 2887 568 2941 Batavum,
584 2886 722 2934 iatcho·
759 2884 793 2933 tis
805 2886 876 2934 clare
888 2884 1053 2949 perspicitur,
1064 2886 1181 2934 Curtium
1193 2885 1290 2936 Rufum

189 2976 243 3012 sam
255 2966 283 3009 et
294 2959 378 3008 adhuc
387 2959 516 3020 integrum
527 2959 654 3022 Rhenum,
664 2973 721 3009 esse
753 2959 809 3023 jam
826 2966 904 3008 autea
914 2961 1048 3008 consulare
1059 2959 1194 3021 imperium
1206 2967 1233 3009 et
1245 2961 1291 3009 tri-

188 3051 239 3085 noo
250 3034 356 3099 potuit:
374 3033 494 3098 quonium
506 3033 559 3082 illic
570 3040 643 3083 certe
654 3034 722 3098 peri
759 3035 846 3098 umphi
856 3035 967 3099 insignia
978 3041 1154 3097 consecutum,
1165 3049 1242 3099 quam
1253 3034 1290 3088 A·

189 3108 510 3166 columnuilumabaatu.
756 3108 847 3160 fricam
860 3110 1010 3160 obtinuerit.

221 3184 385 3246 Vertranius,
396 3183 438 3235 cui
448 3185 498 3248 legi
511 3185 608 3250 piacet,
619 3186 722 3236 meerm-
751 3215 753 3219 -
792 3187 854 3250 bion
873 3186 951 3250 igitur
965 3183 1064 3235 Africae
1083 3199 1146 3249 ager
1160 3186 1224 3234 iste:
1243 3185 1290 3235 sed

189 3268 241 3323 tar,
258 3262 320 3324 (hoc
337 3258 572 3321 sensumsensurn
589 3276 646 3311 eam
664 3276 722 3325 per·
760 3259 793 3309 de
813 3259 961 3310 Germania
980 3260 1065 3328 aliquo
1082 3261 1139 3310 loco
1155 3265 1290 3310 auctorem

191 3336 305 3399 duxerit,
327 3350 379 3400 qua
400 3336 538 3385 commeari
559 3350 575 3385 a
592 3337 669 3386 Mosa
688 3337 721 3386 ad
758 3335 829 3400 loqui
841 3341 916 3399 patet
927 3350 960 3383 ex
977 3349 1019 3394 eo,
1035 3335 1103 3398 quod
1118 3336 1202 3385 Curtii
1212 3336 1290 3400 iusig-

190 3414 307 3462 Rhennm
327 3418 425 3476 posset,
435 3426 468 3460 ne
489 3411 589 3462 Oceani
605 3414 722 3477 pericula
759 3412 802 3462 nin
830 3410 952 3473 triumphi
980 3410 1130 3461 Corbulonis
1151 3412 1297 3476 insignibus

191 3503 328 3543 necessum
346 3496 417 3538 esset
436 3487 543 3553 subire),
559 3503 608 3538 nou
628 3490 723 3552 piacet
761 3487 884 3536 continuo
895 3486 1010 3549 subjicit.
1295 3549 1298 3552 Ι

190 3564 278 3613 Multo
288 3564 370 3614 minus
379 3564 531 3613 Ferrettusr
550 3564 594 3628 qui
608 3562 724 3629 μετέωρος
793 3564 851 3613 Nec
863 3570 950 3613 tamen
971 3561 1117 3625 singulatim
1132 3566 1229 3623 monet,
1241 3576 1291 3626 qua

191 3646 265 3690 certe
285 3639 344 3703 fuit,
354 3654 411 3690 cunr
423 3641 524 3689 Mosam
536 3639 577 3689 hic
589 3633 648 3689 cum
665 3642 722 3690 Mo·
760 3639 787 3688 in
805 3640 937 3703 prouincia
948 3653 1010 3701 ager
1019 3638 1069 3688 iste
1082 3637 1175 3688 suerit:
1191 3639 1291 3689 scilicet

191 3717 258 3766 sella
267 3716 395 3778 confudit,
405 3721 432 3765 et
448 3730 480 3765 es
495 3716 600 3780 scripsit
611 3731 670 3781 quae
690 3717 725 3784 ri·¹
761 3715 821 3779 quia
842 3715 951 3764 eandem
973 3714 1167 3764 Germaniarum
1189 3715 1291 3777 provin·

191 3792 438 3854 deantBatavorum
449 3794 532 3856 pueri.
554 3793 657 3862 lipsius
760 3791 827 3840 ciam
847 3789 1017 3852 intelligebat,
1036 3803 1112 3852 qnam
1133 3789 1210 3853 paulo
1230 3795 1290 3839 ante

228 3870 262 3919 Ut
271 3868 373 3934 meatu]
390 3870 429 3919 Ut
445 3869 625 3919 inundationes
644 3870 722 3921 marie
760 3869 873 3917 Corbulo
890 3866 1049 3929 obtinuerat,
1058 3865 1132 3929 cujus
1143 3880 1212 3930 pars,
1223 3866 1290 3914 Mot-

192 3951 354 4008 arcerentur,
363 3950 390 3994 et
404 3944 497 3993 damna
514 3960 571 4008 quae
589 3946 723 4010 continge·
759 3944 989 4005 thmuitanorum
1008 3957 1079 4005 pars,
1090 3941 1237 3991 Weteravia
1252 3948 1291 3991 to·
1366 3943 1368 3948 “

192 4020 256 4070 bant
284 4020 386 4086 regioni
406 4034 437 4069 ac
460 4020 537 4070 terris
556 4013 723 4085 prohiberen-
760 4029 798 4083 ta,
809 4037 867 4071 curn
879 4020 1042 4086 portiuncula
1054 4020 1164 4079 Hassiae,
1177 4035 1229 4085 qua
1244 4035 1290 4088 op·

191 4104 245 4146 tur.
761 4098 849 4162 pidum
868 4099 1049 4161 Marpurgum,
1067 4096 1128 4145 socii
1140 4098 1290 4161 Popliorn.

222 4169 720 4237 IncertoJQuefossa-retinerenturas·
761 4174 862 4226 Literas
870 4172 1110 4231 Curtiumoccultas
1118 4176 1291 4240 composuisse
