3075 4917
203 343 341 444 nnn]
569 364 780 415 auuamuu
806 365 878 412 uia.
900 365 957 414 xi.
1145 357 1151 362 ’
1220 346 1307 418 1031

202 515 411 599 aspiciuntur
423 511 522 578 mam
536 529 624 575 nuuc
646 512 680 574 in
693 529 759 574 aare
774 506 995 594 publicandis
1007 505 1204 593 plebiscitis
1215 514 1229 543 ⁰
1249 523 1308 590 per

205 615 278 698 lora
293 636 334 681 ac
349 616 473 700 templa
484 614 565 677 fixo.
1140 617 1141 620 ’
1297 633 1301 638 ·

204 763 279 848 Ιοῑίιιηι
289 814 350 849 naue
359 800 385 848 ia
395 813 451 863 are,
460 796 605 861 puodfixum
615 797 651 844 erl
660 794 766 862 perfora
777 800 801 843 et
811 792 908 843 delubra
919 790 1045 855 arrigendis
1053 789 1194 862 plebiseills.

240 1049 316 1099 alra
326 1045 386 1097 libri
398 1059 486 1097 omues
498 1046 570 1096 editi.
603 1046 708 1109 Lipsius
728 1052 814 1093 tamen
834 1044 989 1094 emendabat
1006 1039 1153 1105 publicandis
1168 1038 1244 1101 saitis,
1261 1037 1309 1088 bae

183 1141 187 1147 ·
208 1114 309 1163 ndens
321 1113 424 1170 duetus,
435 1111 504 1175 quod
521 1112 592 1159 uuila
602 1111 700 1158 fuerint
711 1110 757 1158 sub
771 1109 976 1172 Imperatoribus
988 1107 1071 1169 plebis
1083 1106 1158 1163 scita,
1168 1109 1213 1151 aut
1227 1102 1310 1165 jussa.

207 1178 324 1227 Eandem
335 1176 368 1226 ob
380 1185 482 1225 causam
494 1173 642 1238 corrigebat
654 1173 760 1223 Grotius
775 1173 923 1237 publicandis
938 1171 1000 1233 plebi
1011 1170 1085 1228 Setis,
1100 1169 1126 1215 id
1138 1178 1187 1227 est,
1205 1170 1310 1216 saadu-

206 1242 325 1291 cosnultis.
357 1240 494 1303 Ingeniose
524 1239 627 1298 uidem3
645 1245 672 1287 at
683 1239 774 1287 durum
787 1237 889 1287 videtur
903 1236 1024 1299 publicare
1032 1233 1095 1296 plebi
1103 1231 1311 1281 senatusconsulta.

207 1306 266 1356 Nee
278 1319 366 1354 verum
379 1311 419 1354 est
429 1304 498 1352 nulla
506 1254 589 1351 ddisse
600 1302 649 1351 sub
660 1301 863 1365 Imperatoribns
875 1300 958 1364 plebis
971 1298 1046 1356 scita,
1057 1312 1102 1345 seu
1115 1295 1196 1358 jussa.
1231 1293 1310 1343 Aliud

206 1372 276 1419 enim
287 1369 380 1418 suadet
389 1370 447 1432 ipse
455 1369 561 1416 Tacitus
580 1366 672 1415 Annal.
686 1379 737 1415 xii.
752 1370 792 1416 41.
808 1365 922 1428 ‘Sperni
933 1362 1108 1426 adoptionem,
1122 1373 1233 1423 quaque
1250 1372 1311 1406 cen·

207 1427 307 1483 suerint
317 1440 413 1496 patrer,
427 1432 538 1495 jusserit
550 1432 670 1494 populus,
682 1431 750 1479 iutra
768 1436 876 1492 penates
895 1426 1032 1490 abrogari!
1067 1426 1101 1473 Et
1112 1424 1138 1471 iu
1150 1424 1207 1484 lege
1219 1421 1310 1485 Regin,

208 1498 242 1548 de
255 1513 305 1562 qua
324 1511 370 1546 nos
386 1497 463 1559 plura
478 1494 546 1543 infra
563 1495 684 1544 Histra.
695 1498 720 1543 6.
740 1500 915 1542 memorantur
935 1505 1027 1541 uenus.
1046 1500 1230 1538 noaaurouus.
1247 1499 1311 1536 nne·

208 1573 296 1611 ursvu.
310 1574 398 1610 mura.
416 1573 582 1610 suurnvsvu.
599 1571 745 1607 consum.
779 1558 923 1606 Mouuerim
943 1568 1045 1620 quoque
1064 1552 1116 1614 legi
1135 1552 1161 1600 in
1183 1552 1234 1599 Ms.
1248 1552 1311 1612 neg.

206 1626 363 1689 Aspiaiuntur
374 1626 448 1673 etiam
458 1640 518 1672 nane
536 1624 562 1671 in
578 1638 625 1672 aere
644 1622 734 1685 publico
744 1622 872 1685 plebiscitis
880 1629 923 1685 pei·
934 1620 992 1680 fora
1004 1635 1031 1667 aa
1041 1619 1128 1679 templa
1136 1616 1200 1680 fixo.
1233 1613 1310 1664 Quod

205 1691 311 1738 minime
322 1688 504 1752 spernendum.
537 1689 579 1735 sie
592 1688 659 1735 enim
669 1685 904 1737 infrenantur.
917 1689 958 1734 68.
968 1685 976 1711 ‘
988 1684 1080 1731 Fixum
1091 1686 1133 1728 eat
1143 1693 1196 1727 aere
1206 1678 1313 1740 publiea

208 1751 478 1803 senatusconsultum'
519 1752 572 1800 Hic
588 1758 662 1799 reete
682 1749 792 1812 faciunt,
810 1752 854 1813 qui
874 1749 1012 1799 emendant
1026 1744 1091 1809 plebi
1102 1743 1186 1806 scra,
1204 1756 1263 1817 eum
1278 1756 1312 1791 eo

207 1825 327 1931 {purpure
339 1817 478 1929 plebiseilpa
489 1816 559 1865 nulla
569 1814 678 1879 fuerint,
695 1828 760 1878 quos
772 1814 842 1864 inter
858 1820 944 1865 estet
960 1809 1142 1872 Haesebelius,
1160 1819 1235 1870 quem
1248 1820 1311 1870 jure

227 1882 405 1931 'claudamus
464 1880 546 1929 ratior.

711 2038 817 2090 NOTAE

202 2159 264 2224 'qna
274 2158 496 2209 nouneeessarire.
779 2154 933 2208 Palamedes
940 2155 1057 2221 Trojanis
1066 2155 1226 2219 temporibus
1232 2173 1240 2216 ;
1252 2152 1311 2203 dein
1402 2149 1407 2156 ”

238 2235 322 2283 Varro
342 2234 368 2282 iu
390 2232 538 2298 fragmento
558 2234 690 2299 quopiam,
705 2247 738 2284 ex
778 2236 870 2298 ceteri,
890 2235 1065 2298 aepraecipue
1082 2233 1235 2295 Simonides,
1253 2230 1312 2280 reli-

203 2310 273 2360 libro
294 2311 327 2360 de
349 2310 542 2360 Grammatico:
571 2310 738 2359 ‘Literarum
779 2324 842 2376 quas
853 2310 942 2361 literas
954 2310 1081 2375 reperisse
1092 2314 1244 2373 potuerunt.

204 2386 301 2451 partim
320 2392 390 2447 sunt,
411 2393 439 2435 et
456 2386 584 2447 dicuntur,
603 2391 633 2434 ut
649 2385 684 2434 A.
705 2386 738 2435 Β.
811 2387 878 2437 Etsi
889 2388 972 2452 primo
982 2387 1096 2435 inventae
1108 2390 1168 2433 sunt
1179 2381 1311 2431 sexdecim

203 2462 301 2527 partim
320 2462 449 2525 dicuntur,
465 2468 493 2511 et
512 2476 563 2511 uon
584 2466 652 2524 aunt,
663 2466 693 2510 ut
703 2459 739 2511 H·
778 2465 872 2534 literae,
883 2464 906 2514 si
916 2463 976 2512 dein
987 2460 1141 2510 Palamedes
1152 2464 1263 2524 quatuor
1274 2457 1311 2504 in·

204 2544 234 2587 et
245 2538 280 2587 X.
292 2539 386 2603 partim
398 2545 466 2602 sunt,
477 2552 560 2602 neque
570 2538 699 2601 dicuntur,
709 2541 739 2586 ut
779 2539 862 2604 veuit,
872 2544 949 2588 erunt
964 2539 1020 2602 jam
1033 2535 1132 2599 viginti.
1166 2533 1237 2585 Quid
1248 2533 1312 2583 alii?

204 2623 231 2675 φ.
243 2613 278 2677 d!
312 2616 353 2663 Ex
364 2614 456 2678 quibus
468 2614 555 2664 verbis
566 2629 616 2663 non
628 2614 739 2664 absurde
780 2617 843 2681 quid
852 2614 1012 2665 Simonides?

203 2690 351 2754 collegeris,
362 2689 459 2739 duabus
471 2688 510 2738 bis
520 2689 613 2752 literis,
627 2704 684 2754 qua
694 2703 739 2738 ne·
760 2739 761 2742 ,
812 2692 946 2741 Preterea
964 2686 1109 2738 istiusmodi
1126 2685 1248 2735 minutias
1259 2697 1312 2734 uon

204 2766 463 2827 cessariae,Varrone
482 2770 560 2829 teste,
577 2780 671 2815 novam
687 2764 739 2813 for·
758 2780 761 2785 ’
779 2767 918 2831 exequitur
939 2765 1057 2825 Tacitus,
1073 2768 1102 2812 ut
1124 2763 1182 2811 uult
1201 2762 1313 2825 Lipsius.

203 2855 273 2890 mam
285 2840 399 2890 induisse
411 2840 546 2890 Claudium
558 2851 711 2906 nomenque.
779 2842 839 2893 Non
851 2855 883 2892 eo
891 2841 1039 2905 deseendit,
1044 2846 1075 2890 ut
1083 2839 1234 2908 distinguat,
1248 2844 1313 2903 quot

237 2918 274 2966 Et
284 2916 317 2966 de
328 2920 355 2980 d.
367 2916 471 2981 quidem
482 2916 588 2981 clarum,
606 2916 648 2965 eui
664 2916 739 2965 Anti·
779 2917 910 2981 repererit
931 2914 1096 2977 Palamedes,
1118 2922 1182 2978 quot
1205 2914 1313 2964 Simoni-

204 2994 288 3057 sigma
308 2992 460 3056 respondit:
492 2992 572 3054 dep.
596 2989 739 3042 Claudiano
780 2994 835 3062 des,
858 2997 994 3041 contentus
1021 3005 1076 3039 rem
1099 2988 1202 3039 aliunde
1224 2996 1312 3039 notam

200 3070 377 3133 neglexerunt
395 3068 500 3118 tradere
516 3067 696 3131 Grammatiei,
711 3073 739 3117 et
781 3069 937 3134 generaliter
947 3065 1112 3131 expressisse.
1349 3129 1351 3134 Ι

204 3160 256 3210 ego
269 3160 321 3196 nou
331 3146 429 3195 divino.
466 3145 518 3195 Pui
539 3144 643 3209 quidem
664 3144 740 3194 litera
812 3143 907 3193 Mnus
916 3143 977 3205 tres]
991 3142 1065 3192 Suet.
1076 3141 1167 3191 Claud.
1179 3146 1220 3192 ⁴1.
1238 3143 1312 3192 ‘No-

206 3235 258 3270 nou
276 3220 355 3270 dubie
375 3220 532 3283 necessaria,
551 3227 580 3269 et
602 3219 666 3269 alius
684 3221 739 3285 ejus
779 3232 825 3268 vas
836 3218 913 3268 etiam
923 3222 1082 3266 commentus
1093 3224 1133 3265 est
1147 3217 1237 3266 literas
1248 3224 1313 3282 tres,

205 3311 284 3346 sonus
315 3309 393 3360 quam
417 3296 448 3346 ll.
474 3295 514 3344 uti
538 3294 638 3345 monuit
659 3296 739 3345 etism
780 3307 811 3342 ae
831 3307 940 3341 numero
959 3298 1085 3355 veterum,
1105 3291 1189 3356 quasi?
1201 3292 1312 3342 maxime

202 3371 391 3424 Quintilianus.
780 3367 940 3419 necessarias
955 3366 1065 3416 addidit.
1096 3368 1140 3416 De
1152 3381 1259 3430 quarum
1272 3382 1312 3417 ra-

237 3444 351 3496 Haecin
363 3444 581 3495 reGrammatioa
594 3458 738 3508 ungamur:
779 3444 850 3495 tione
872 3459 931 3493 oum
951 3443 1065 3506 privatus
1083 3442 1169 3491 adhue
1190 3444 1312 3494 volumen

204 3527 234 3571 et
245 3522 367 3571 omittere
378 3522 503 3585 licuisset,
514 3520 536 3569 si
556 3519 658 3571 Claudii
675 3521 740 3569 liber
779 3521 911 3584 edidisset,
929 3535 990 3569 mox
1007 3520 1129 3583 princeps
1139 3534 1191 3569 nou
1201 3518 1312 3570 difficul-

204 3602 326 3659 extaret3
343 3591 418 3661 quem
438 3596 471 3645 de
491 3595 591 3645 ratione
607 3597 697 3645 harum
708 3596 738 3644 li·
779 3602 820 3646 ter
837 3594 960 3657 obtinuit,
971 3599 1001 3644 ut
1018 3596 1044 3643 in
1063 3609 1112 3644 usu
1132 3610 1233 3660 quoque
1253 3610 1312 3659 pro·

204 3679 321 3723 terarum
346 3672 439 3721 edidit.
478 3672 582 3735 [lipsius.
632 3672 737 3721 Librum
777 3672 980 3721 miscuoesseut.
1014 3671 1095 3720 Extat
1113 3671 1171 3719 talis
1182 3672 1312 3735 scriptura

202 3749 273 3797 huuc
284 3747 405 3796 ediderat
416 3747 528 3796 nondum
539 3748 668 3812 princeps,
675 3748 738 3798 Sue·
778 3748 805 3796 in
822 3749 954 3812 plerisque
964 3747 1046 3811 libris,
1056 3763 1086 3797 ue
1102 3748 1208 3811 diurnis,
1217 3749 1312 3798 titulis·

203 3823 365 3874 toniuteste.
778 3823 963 3887 queoperum!

236 3899 494 3948 &ndedmliterarsm
505 3898 610 3963 fumus]
641 3898 738 3949 Melius
810 3899 869 3947 οΙιι
879 3914 926 3946 oere
932 3897 1081 3961 publicandis
1089 3898 1230 3961 plebiscitis]
1256 3899 1310 3949 Sub

204 3980 246 4025 ost
255 3976 342 4037 legere
353 3978 453 4023 textum
461 3975 555 4037 inciti,
565 3980 596 4024 ut
606 3975 737 4024 babemus.
778 3973 925 4023 Cesaribus
942 3975 1005 4022 tollo
1021 3974 1078 4023 haee
1095 3975 1226 4037 plebiscita.
1259 3975 1310 4025 Le·

205 4050 247 4100 Ex
271 4049 329 4098 aliis
351 4050 501 4114 auctoribus
523 4053 606 4113 patet,
626 4050 738 4112 primunr
779 4048 860 4111 gerim
876 4037 1024 4111 publicandis
1035 4048 1111 4097 scitis.
1144 4048 1310 4101 Scitinomen

202 4122 284 4173 fuisse
295 4128 396 4173 tantum
411 4130 529 4189 repertas
546 4126 666 4175 undecim
681 4125 739 4175 lite·
779 4124 899 4189 generale
919 4129 968 4185 est,
989 4130 1017 4172 et
1038 4123 1071 4172 ad
1096 4125 1205 4176 decreta
1225 4127 1310 4178 omnia

93 4225 99 4234 ›
203 4212 266 4263 ως
289 4198 365 4250 etsie
376 4201 740 4266 tantumquataoraddidisset
777 4199 894 4265 pertinet
903 4200 1023 4264 sejussa.
1055 4199 1159 4265 ΗΜ.
1264 4217 1266 4222 ’
