3075 4917
193 430 222 483 J.
234 431 265 481 c.
276 429 330 494 aa]
345 423 353 452 ’-
540 425 751 474 sussurim
777 423 853 475 sss.
877 426 927 476 iv.
1231 410 1299 476 741

187 565 394 656 'propinquo‘
408 555 540 632 diuersa
555 565 706 652 amena.
736 545 1055 654 'sed'admooeptn
1069 567 1178 637 redeo.
1198 621 1201 626 ,

191 717 322 811 epanainao
332 750 587 802 ἅιιὶκϋέαἰαοικυ.
619 750 667 801 Sed
676 753 708 801 od
717 751 866 816 propositam
873 758 987 803 amor.

659 880 838 901 ”enmono

191 1006 223 1041 ao
234 992 317 1042 virtus
328 992 440 1044 infensos
451 995 540 1055 habet,
559 995 773 1060 quemadmodum
785 997 910 1046 bonorum
927 996 1049 1058 virorum,
1060 996 1121 1045 dum
1132 996 1233 1058 nsunt,
1244 996 1299 1046 ani·

190 1072 249 1116 muq
261 1059 324 1108 alios
335 1057 455 1121 offendit,
466 1059 527 1124 quia
538 1061 603 1110 vitia
613 1061 714 1110 illorum
734 1077 767 1110 ex
787 1062 931 1126 propinquo
943 1061 1193 1125 oppositns‘a'rguit.'
1226 1063 1297 1112 Vere

185 1122 323 1184 Muretus,
334 1125 446 1187 Lipsius,
457 1126 612 1183 Gronovius,
625 1126 750 1174 Erueatus
761 1135 789 1175 et
801 1127 854 1187 alii,
864 1132 891 1175 nt
903 1126 974 1175 aistis
991 1140 1022 1175 ea
1038 1141 1070 1189 pr
1102 1126 1176 1189 'siquo
1209 1124 1296 1175 Alite'r

191 1187 273 1235 rerba
290 1188 351 1237 nihil
371 1189 520 1242 Corneliani
540 1197 642 1238 sonant.
676 1190 803 1240 ideas-6
818 1189 861 1239 Ita
878 1191 938 1239 libri
956 1204 1070 1244 omnese
1090 1191 1130 1252 iti,
1143 1191 1182 1240 rel
1194 1191 1295 1255 incepta.

192 1249 321 1315 Corrupte
333 1254 385 1303 Ms.
397 1254 465 1304 Flor.
476 1261 583 1318 recepto.
615 1254 744 1305 Tentsbat
753 1256 813 1306 Jac.
825 1255 982 1320 Gronovius,
991 1258 1024 1304 sd
1033 1260 1116 1318 copto.
1148 1255 1232 1306 idern.

690 1395 799 1449 NOTAE

189 1512 217 1560 lo
229 1516 256 1559 et
266 1510 321 1560 sine
331 1512 534 1574 obtrectatione,
550 1513 664 1577 scriptor
681 1530 725 1578 po·
764 1514 872 1564 bethoc
885 1528 979 1575 aeusu;
1003 1528 1097 1577 nempe
1108 1513 1189 1564 virtus
1208 1514 1299 1565 claris·

190 1583 262 1648 teat3
282 1592 310 1636 at
325 1588 432 1638 laudare
452 1605 511 1654 quae
529 1597 589 1640 sunt
606 1592 725 1656 proxima
763 1592 886 1643 simorum
912 1593 1023 1641 virorum
1050 1592 1109 1656 aevi,
1133 1607 1178 1641 seu
1206 1593 1296 1643 aaeculi

189 1678 237 1713 auo
258 1665 362 1728 saeculo,
381 1680 432 1715 nou
452 1673 506 1716 tam
526 1668 607 1717 iibere
626 1675 724 1732 potest,
764 1668 948 1732 praecedentis,
967 1675 1110 1718 memorata
1133 1683 1149 1717 a
1168 1669 1296 1732 scriptore

189 1744 250 1808 quia
261 1744 342 1793 virtus
353 1745 472 1810 iila,quae
485 1747 606 1795 laudatur
617 1761 633 1794 a
642 1747 724 1809 scrip·
763 1745 930 1809 laudataque,
942 1744 1015 1792 nimis
1033 1760 1048 1791 o
1063 1745 1209 1808 propinquo
1221 1751 1296 1809 urget

188 1826 258 1881 tore,
270 1835 330 1870 suos
341 1820 455 1870 infensos
465 1822 555 1883 habet,
568 1827 598 1871 ut
614 1837 672 1886 quae
684 1822 722 1869 ni·
762 1821 886 1883 homiues,
904 1820 996 1870 eodem
1008 1817 1063 1868 fere
1074 1835 1130 1869 aevo
1149 1820 1250 1870 diverse
1267 1828 1296 1871 et

187 1899 237 1948 mis
265 1915 280 1948 e
306 1901 451 1966 propinquo
472 1901 584 1951 lacessat
606 1901 723 1964 vitiosos,
761 1896 1023 1961 flagitioseviveutes.
1039 1896 1297 1961 Propinquitastesn-

187 1973 245 2024 fere
260 1977 351 2025 codem
368 1977 610 2026 saeruloviveutes:
636 1978 720 2026 veteri
762 1988 852 2038 porum
873 1973 954 2034 magis
981 1971 1140 2022 demonstrat
1158 1973 1296 2038 arguitque

187 2052 278 2102 virtuti
297 2068 329 2104 ac
355 2054 445 2118 gloriae
464 2067 540 2102 nemo
566 2053 674 2114 invidet,
694 2059 722 2105 at
761 2049 995 2099 dissimilitudinem
1020 2048 1151 2099 hominum
1186 2063 1296 2122 morum·

179 2132 263 2178 'novae
275 2136 303 2178 et
315 2136 463 2193 postrema,
473 2136 500 2179 at
512 2129 609 2178 viventi
621 2130 722 2190 uirtuti,
761 2141 821 2190 que.
855 2165 859 2170 .

186 2219 262 2254 tiemo
273 2220 326 2253 uon
337 2207 506 2255 obtrectator.
524 2206 591 2257 Quae
597 2205 666 2269 apud
675 2220 722 2254 nos
795 2204 864 2252 Nam
875 2210 983 2267 propter
998 2202 1220 2268 propinquitatem
1231 2210 1297 2254 tem·

185 2286 248 2330 sunt
263 2282 416 2343 spernimus,
433 2280 625 2345 spirantemque
640 2281 722 2330 virtu·
759 2285 863 2341 porum,
880 2294 927 2327 seu
944 2278 1147 2341 similitudinem,
1158 2286 1295 2330 recurrunt

185 2362 241 2406 tem
252 2356 370 2417 odimus;
386 2357 448 2405 dum
461 2363 551 2406 vetera
562 2365 589 2406 et
601 2357 721 2417 evanida,
761 2353 860 2402 eedem
877 2354 1004 2416 actiones,
1015 2354 1166 2419 eademque
1182 2356 1295 2405 oecmio·

186 2432 317 2496 pravitate
336 2432 442 2496 ingenii,
461 2439 599 2497 sectamur,
611 2433 721 2484 admira·
761 2443 806 2479 nes
817 2430 920 2479 virtutis
931 2438 977 2479 aut
987 2429 1088 2493 flagitii.
1132 2430 1201 2481 Hinc
1212 2432 1294 2495 magis

187 2523 254 2558 mur.
760 2504 871 2568 arguite
884 2506 1001 2569 proximo
1012 2506 1094 2554 virtus
1104 2519 1144 2567 ea,
1159 2517 1217 2569 quaa
1234 2511 1295 2555 sunt

219 2585 271 2634 Sed
284 2585 339 2650 ipse
351 2600 379 2635 se
390 2587 506 2651 explicat
515 2588 578 2637 Tac.
599 2594 628 2637 ut
647 2594 721 2652 puto,
760 2581 891 2645 opposita,
902 2582 1070 2652 seudisersa.

184 2662 232 2713 lib.
243 2676 275 2713 rs.
286 2664 346 2714 hist.
362 2663 406 2712 ubi
425 2663 458 2712 de
470 2664 593 2713 uxoribus
604 2665 721 2714 Vitellio·
794 2660 877 2708 Etiam
886 2659 978 2722 glorio]
1006 2659 1069 2723 ipsa
1079 2659 1160 2709 virtus
1172 2666 1200 2709 et
1210 2658 1295 2723 gloria
1350 2724 1353 2729 .

185 2753 242 2787 rum
259 2737 385 2788 fratrum:
402 2740 571 2789 ‘Etl'riuriae
589 2740 720 2790 licentiam
759 2735 939 2798 praestanfium
967 2735 1086 2797 virorum,
1111 2749 1169 2786 cum
1195 2735 1294 2785 meritis

183 2807 481 2879 modestnmeprosimo
493 2817 639 2879 exemplum
658 2831 719 2866 one.
759 2810 880 2860 laudibus
904 2809 1048 2871 extollitur,
1072 2810 1159 2859 odium
1181 2823 1294 2875 quorun·

184 2893 261 2941 rabat
278 2891 386 2942 Galeria
404 2892 567 2955 imperatoris
585 2894 719 2943 uxosz'e
760 2889 939 2954 damexoitat,
953 2885 1293 2954 quilongediversismori·
1355 2942 1357 2946 ‚

183 2969 303 3036 proximo
312 2969 422 3035 urgebat
433 2969 549 3031 Galeria,
565 2985 612 3019 seu
629 2986 719 3034 argue·
759 2965 807 3015 bus
818 2966 934 3031 praediti,
945 2964 1118 3029 egrotorum,
1128 2978 1200 3013 susm
1211 2962 1293 3026 turpi-

182 3046 231 3097 bat
247 3063 263 3098 e
281 3047 427 3113 propinquo
437 3048 584 3110 exemplum
596 3055 624 3097 et
636 3049 718 3098 virtus
759 3043 876 3093 tudinem
905 3051 959 3092 tam
986 3041 1132 3105 propinqua
1157 3039 1292 3089 meliorum

183 3123 447 3185 Galeriae,audacism
457 3130 485 3173 et
492 3121 592 3186 flagitia
599 3125 718 3187 Triariae3
758 3118 953 3183 comparatione
964 3117 1045 3180 magis
1054 3116 1219 3180 conspicuam
1227 3115 1294 3166 lieri.

182 3199 328 3265 eproximo
342 3199 719 3264 uerupe,quiaexeademdo-
790 3201 803 3227 ¹
823 3194 980 3244 Uisinisex
991 3192 1131 3258 propinquo]
1163 3189 1292 3243 Silandos

183 3277 387 3346 moVitelliaua,
398 3278 456 3343 quia
473 3277 589 3342 ejusdem
601 3278 678 3327 sortis
691 3285 718 3328 et
757 3285 881 3334 nuperum
904 3271 1037 3328 virtutem,
1057 3267 1184 3320 offendis:
1211 3275 1238 3318 at
1257 3269 1292 3320 de

182 3352 346 3402 conditionis.
756 3347 880 3412 antiquis,
890 3345 959 3396 ferre
971 3360 1115 3410 possumus,
1132 3351 1162 3394 ut
1173 3361 1229 3395 aevo
1240 3345 1292 3397 dis·

181 3421 185 3430 “
214 3428 258 3477 Sic
277 3428 326 3477 hoc
346 3428 413 3491 loco,
431 3428 491 3492 quia
507 3429 665 3494 generaliter
680 3432 716 3480 10.
755 3422 822 3483 sitis,
831 3428 860 3473 et
871 3421 1078 3487 oggerere,oiiad
1085 3421 1195 3470 nortiam
1202 3419 1291 3472 t'uisse.

181 3494 271 3567 quitur
280 3504 344 3552 Tac.
357 3504 437 3553 virtus
449 3520 464 3553 e
477 3504 622 3570 propinquo
633 3506 718 3555 diver·
756 3498 795 3547 Α(
803 3496 824 3545 δί
836 3497 978 3561 propinqua
990 3494 1185 3560 ¹⁸¹¹d0⁸‚'³lss⁰i⁸
1193 3502 1221 3546 θῑ
1230 3496 1291 3560 ulit,
1374 3501 1377 3510 '

181 3594 225 3628 sos
238 3579 340 3641 arguit:
358 3579 519 3645 epropinquo,
535 3595 638 3644 nempe,
655 3583 717 3646 qnia
757 3575 801 3638 qui
823 3572 968 3622 dindimiied.
1011 3573 1038 3622 Si
1060 3574 1132 3622 volet
1151 3575 1238 3636 eiiam,
1262 3579 1290 3622 ut

180 3668 271 3703 omnes
282 3655 389 3704 Romani
402 3671 512 3719 qnorum
520 3657 618 3706 mentio
627 3656 652 3705 in
662 3657 715 3712 Au·
754 3651 846 3699 animat
871 3664 902 3698 w
925 3650 1065 3715 propinquo,
1087 3664 1139 3699 ¹¹⁰⁰
1168 3647 1288 3700 refutem·

180 3731 291 3802 natibus,
308 3747 340 3782 ex
359 3733 449 3784 eadem
463 3734 555 3798 stirpe,
571 3748 604 3783 ex
624 3735 714 3784 eadem
741 3726 859 3790 ‘filim
1228 3753 1231 3762 ¹

180 3815 312 3873 gente,ex
329 3809 420 3859 eadem
438 3809 556 3873 civitate,
573 3825 606 3859 ex
623 3810 714 3860 eadem
789 3804 831 3852 Ex
840 3802 979 3867 mpiuqao]
996 3802 1105 3853 Patron.
1122 3800 1289 3852 ‘Nondsbie
1375 3821 1378 3826 ¹

179 3885 273 3948 repub,
285 3900 318 3934 ex
328 3885 420 3935 eodem
431 3892 532 3948 senatu,
547 3899 618 3950 gaepe
628 3902 660 3935 01
672 3901 714 3936 ea.
754 3879 793 3927 ita
802 3886 860 3940 θεῖς
883 3878 905 3927 si
917 3879 973 3943 quis
985 3878 1107 3928 vitiorum
1119 3877 1232 3927 omnium
1243 3877 1290 3927 ini·

179 3961 239 4011 dem
251 3960 348 4011 familia
359 3979 366 4023 ;
384 3963 471 4027 sicque
480 3963 561 4014 virtus
570 3978 585 4012 e
595 3966 713 4028 proximo
753 3957 835 4007 miens
846 3962 945 4005 rectum
956 3955 1008 4003 iter
1018 3954 1079 4003 vitoe
1097 3953 1178 4017 eoepit
1188 3953 1289 4005 institn-

177 4037 294 4088 diversos
305 4053 352 4087 seu
362 4035 504 4103 flagitiosos
519 4046 599 4102 urget
617 4039 713 4103 arguit·
754 4046 809 4092 “es
819 4032 930 4096 primum
941 4028 1289 4094 i>1⁰llierss1⁰r¹1mtiifferea=

152 4157 156 4166 .
178 4130 239 4181 que,
511 4117 515 4124 '
753 4109 817 4159 tiam
829 4106 1022 4157 odiumhabet:
1049 4107 1107 4174 quis
1119 4107 1186 4158 eninr
1199 4116 1287 4173 potest

179 4233 181 4237 .
209 4190 262 4241 Sed
271 4188 303 4239 sd
313 4190 394 4251 κίωἰε,
403 4199 476 4255 puto,
484 4190 592 4255 respicit
602 4177 714 4255 tempus,
753 4183 865 4250 prom
876 4182 999 4236 ‘illelmi’

175 4274 205 4319 et
216 4267 346 4333 generalis
363 4266 507 4331 propositio
525 4265 649 4333 restringi
668 4266 713 4318 de-
1073 4267 1076 4273 '
