3075 4917
168 408 306 475 aesta]
387 371 389 374 ¹
526 401 841 463 ‘incantantia
865 414 916 463 ur.
1207 399 1272 471 883

85 561 87 564 ’
168 549 322 617 extollas.
360 551 441 617 Tibi
456 555 620 620 summum
633 577 743 622 rerum
753 557 924 643 judicium
939 553 1151 627 Dii'de'dere:
1173 557 1269 629 uobis

169 654 322 737 obsequii
335 656 451 737 ¹gloria
471 656 589 721 relicta
601 663 663 723 est.
709 659 906 743 Spectamus
928 682 1037 744 porro,
1063 682 1141 746 quae
1157 683 1270 729 coram

168 756 339 835 habentur,
355 759 410 844 eui
424 759 469 823 ex
482 762 625 843 toalias,
643 761 801 840 bonores,
810 764 886 846 quis
905 764 1046 846 plurima
1055 764 1197 848 juvandi
1211 786 1270 830 no-

169 858 307 923 cendive
321 862 488 955 potentia:
511 882 588 944 quae
604 863 727 948 Sejano
742 865 858 943 fuisse,
873 885 981 960 pemo
1002 868 1188 948 negaverit:
1212 869 1271 932 ab·

164 958 258 1025 ditos
269 957 438 1046 Principis
451 973 592 1043 sensus,r
601 971 633 1031 et
646 966 676 1029 si
690 968 773 1049 quid
786 968 949 1031 occultius
963 972 1070 1049 parat,
1082 968 1272 1050 exquirere,

169 1060 334 1140 illicitum,
349 1083 490 1148 anceps:
511 1086 573 1130 uec
588 1066 681 1130 ideo·
695 1086 889 1151 assequare.
934 1067 1001 1145 Ne,
1017 1068 1058 1133 P.
1069 1067 1108 1132 G.
1120 1068 1271 1134 ultimum

89 1205 95 1211 -
118 1201 125 1214 ·
163 1153 284 1258 ³Seiani
296 1156 395 1244 diem,
405 1166 464 1230 sed
474 1166 618 1231 sedecim
633 1188 736 1240 anuos
750 1170 991 1251 cogitaveritis:
1012 1159 1272 1234 etiamSatrium

165 1271 268 1349 atque
283 1266 516 1351 Pomponium‘
527 1272 783 1334 venerabamur:
805 1271 931 1334 libertis
948 1290 1082 1354 quoque
1097 1290 1138 1334 ac
1148 1271 1273 1354 janito-

164 1365 263 1431 ribus
291 1370 362 1453 ejus
390 1367 571 1447 notescere,
602 1390 664 1453 pro
690 1371 868 1453 magnifico
896 1361 1132 1455 accipiebatur.
1179 1371 1272 1451 Quid

170 1470 274 1551 ergoi
295 1471 500 1535 indistincta¹¹
513 1472 587 1537 baec
609 1473 758 1537 defensio
770 1479 804 1537 et
818 1473 1011 1556 promiscua
1033 1473 1187 1538 dabituri
1210 1474 1271 1538 im-

162 1590 227 1635 mo
236 1571 338 1654 justis
353 1574 498 1636 terminis
513 1569 850 1639 dividaturz'insidiae
872 1576 907 1638 in
933 1573 1273 1658 Rempubl.'consilia

165 1672 275 1736 ‘caedis
299 1671 475 1737 adversum
499 1673 747 1757 Imperatorem,
772 1676 967 1757 puniantur:
999 1675 1040 1738 de
1066 1676 1213 1740 amicitia
1239 1680 1273 1738 et

164 1772 300 1854 officiis,
312 1774 402 1837 idem
415 1773 505 1851 finisv
518 1780 552 1838 et
566 1782 611 1853 te,
627 1774 755 1852 Caesar,
767 1781 801 1839 et
809 1795 874 1859 nos
889 1775 1089 1841 absolverit?

163 1923 169 1931 .
212 1877 246 1940 9.
269 1874 466 1940 Constantia
477 1877 649 1953 orationis,
672 1881 717 1952 ot,
736 1876 817 1959 quia
830 1882 979 1960 repertus
993 1882 1076 1954 erat,
1099 1876 1272 1961 quieffer-

164 1983 250 2056 'ret,'
262 1998 339 2066 guae
354 1998 467 2042 omnes
488 1980 598 2048 animo
614 1981 796 2064 agitabant,
818 2000 858 2045 eo
873 1997 978 2063 usque
991 1986 1136 2063 potuere,
1157 1986 1195 2044 ut
1217 1999 1273 2045 ac·

163 2109 205 2158 ob
216 2124 313 2159 musas.
330 2110 388 2160 'libi
400 2124 547 2173 supremum
558 2111 661 2175 imperii
672 2110 808 2161 arbitrium
818 2110 866 2160 Dii
876 2109 1005 2169 tribuere:
1022 2110 1096 2161 nobis
1108 2111 1216 2173 parendi
1227 2112 1273 2161 de·

164 2188 216 2243 ⁸cua
227 2176 346 2223 relictum
359 2182 407 2224 est.
441 2176 565 2228 Ceteram
580 2175 780 2237 consideramus,
798 2189 856 2239 quae
867 2175 951 2250 palam
964 2173 1036 2223 nobis
1055 2175 1218 2236 exhibentur,
1230 2176 1273 2225 oui

169 2251 204 2286 ex
215 2244 242 2287 te
252 2238 360 2299 divitiae,
370 2238 520 2301 dignitates,
533 2239 624 2303 quibus
636 2240 748 2302 maxima
758 2236 937 2288 benefaciendi
948 2246 993 2289 aut
1004 2239 1065 2287 mali
1083 2238 1211 2288 inferendi
1227 2254 1274 2302 po·

169 2308 266 2363 testas3
284 2317 343 2365 quae
355 2303 475 2366 sejanum
485 2302 604 2352 babuisse
615 2305 698 2352 nullus
710 2301 810 2353 inficias
822 2303 891 2352 ierit.
918 2300 1021 2352 Arcana
1030 2303 1202 2365 imperitantis
1211 2318 1273 2352 con·

163 2366 235 2428 eilia,
246 2374 274 2416 et
286 2365 383 2430 si'qnid
401 2367 527 2416 secretius
537 2367 642 2416 molitur
661 2368 755 2427 animo,
773 2367 883 2416 scrutari
903 2365 985 2426 nefas,
1003 2365 1149 2426 ambiguum
1161 2382 1192 2415 ac
1204 2368 1273 2431 peri·

168 2431 300 2489 culorum:
319 2446 366 2481 nec
376 2431 435 2480 ideo
447 2432 569 2492 attingas.
603 2432 646 2481 Ne
665 2432 793 2494 reputetis
815 2432 900 2479 animo
916 2432 947 2479 P.
959 2430 991 2479 C.
1010 2438 1170 2493 postremum
1186 2430 1274 2494 Sejani

169 2501 281 2558 tempus,
290 2496 335 2544 sed
346 2510 427 2544 annos
444 2496 585 2546 sexdecim.
617 2496 702 2544 Etiam
714 2495 860 2544 colebamus
870 2495 982 2543 Satrium
1000 2501 1079 2557 atque
1091 2495 1273 2557 Pomponium,

169 2567 200 2607 et
210 2573 307 2620 summo
319 2561 408 2608 bonori
425 2560 579 2619 habebatur,
591 2559 689 2610 libertis
700 2558 790 2620 etiam,
806 2564 835 2608 et
845 2558 956 2609 usuariis
974 2557 1041 2608 illius
1053 2557 1167 2620 agnosci.
1200 2555 1272 2609 Quid

163 2623 651 2741 itittltttltttttttlitt
662 2620 1195 2747 bittitttttttttltlt⁰3:325:
1205 2620 1272 2735 ili?

160 2751 229 2800 ‘'stlia
239 2704 310 2806 necfs
331 2753 453 2800 adversus
471 2753 630 2815 principem:
646 2751 678 2799 de
691 2750 873 2800 benevolentia
883 2755 911 2799 et
919 2748 1057 2805 bonoribus
1068 2722 1272 2815 exhibitis’scja·

163 2829 215 2877 uo,
225 2816 295 2864 idem
305 2818 401 2877 exitus,
412 2824 440 2865 et
450 2822 488 2877 te,
501 2819 630 2879 princeps,
641 2822 669 2864 et
681 2830 727 2864 nos
739 2814 899 2879 purgaverit.
996 2835 1000 2842 -

163 2909 167 2916 ·
204 2881 381 2931 Fit-maltam
392 2878 721 2943 commensuralitatis,
736 2883 760 2938 et
775 2879 964 2941 quantumi,
979 2876 1020 2940 qui
1033 2882 1152 2939 mamert
1168 2892 1205 2940 ec,
1219 2892 1272 2939 qua

161 2945 250 2994 sumi
258 2945 381 2995 miratam
390 2946 479 3008 animo,
488 2961 514 2995 eo
525 2960 596 3007 uque
606 2946 709 3006 cabaa,
726 2948 754 2992 at
763 2944 880 2993 mutares
890 2943 947 3004 οὐ,
963 2942 1062 3001 abactis
1072 2942 1118 3006 bit,
1135 2957 1187 3004 qao
1198 2941 1267 3005 prist

672 3054 780 3106 NOTAE

160 3136 295 3221 :Octavia
300 3152 356 3215 jam
367 3158 395 3203 et
405 3153 530 3212 Antonia,
536 3154 591 3216 jam
602 3154 702 3202 Drusus
775 3156 784 3186 ¹
801 3153 906 3221 &tuum
915 3156 986 3215 mque
996 3148 1161 3215 Pomponium]
1177 3148 1274 3202 Mnus

162 3236 202 3296 ‚et
212 3226 258 3277 filii
268 3230 323 3292 ejus
338 3228 449 3278 immixti
460 3228 615 3279 videbantur
624 3228 702 3280 Jutiae
743 3237 783 3279 est
795 3230 848 3292 ille,
859 3229 904 3293 qui
915 3228 1074 3279 Cremutium
1085 3226 1220 3276 accusarit
1231 3239 1272 3276 stt·

173 3305 256 3368 genti.
743 3320 805 3369 pra:
824 3305 977 3370 Pomponiam
987 3310 1061 3367 puto,
1078 3303 1195 3361 Quintam
1208 3316 1273 3367 prae·

171 3375 173 3380 ’
205 3381 331 3430 'Abditas
339 3380 456 3444 principis
466 3380 559 3444 uuam]
576 3380 702 3432 Nazarius
743 3381 856 3442 nomine,
878 3381 922 3445 qui
941 3380 1076 3429 ‘moribus
1096 3378 1215 3446 inquies‚’
1236 3378 1274 3428 uit

164 3459 201 3518 ,in
212 3447 305 3521 paneg.
316 3458 348 3507 ad
361 3457 573 3508 Constantinum:
590 3456 703 3506 ‘Existi
725 3492 731 3503 .
743 3462 831 3507 noster
840 3456 917 3518 infra,
927 3455 983 3507 boec
1000 3462 1027 3505 et
1038 3455 1101 3505 talia
1112 3456 1118 3482 ‘
1130 3453 1274 3505 factitatis

164 3548 244 3600 ‚mare
256 3534 359 3598 quidem
379 3533 412 3581 de
432 3532 590 3596 principibus
609 3533 704 3582 nemini
743 3546 772 3581 se
785 3531 974 3594 praetendebat,
990 3538 1018 3578 ut
1029 3531 1149 3593 periculis
1160 3530 1273 3593 Pompo-

163 3608 272 3664 ,fasest
306 3609 372 3658 Nam
385 3618 412 3657 et
423 3609 448 3656 in
460 3608 588 3657 vestibulo
602 3624 647 3658 suo
666 3609 707 3658 irt-¹
743 3608 780 3657 nii
802 3607 915 3656 Secundi
936 3606 1023 3656 fratris
1046 3604 1215 3656 mederetur?
1240 3604 1274 3654 da

161 3686 319 3752 ‚quirentem
331 3686 434 3748 repellit
446 3684 552 3748 objecta
560 3685 704 3746 veneratio,
744 3683 831 3747 quoin
841 3689 957 3733 extremo
969 3684 986 3731 l.
996 3697 1022 3731 v.
1056 3681 1159 3744 Lipsius.

162 3770 203 3830 ‚et
214 3762 288 3827 siqui
302 3755 408 3824 propius
420 3762 552 3822 adierunt,
563 3762 632 3828 quod
643 3776 703 3811 ocu·
777 3764 789 3790 ¹¹
800 3757 954 3820 Indistincta]
971 3756 1164 3821 Distinguenda
1176 3759 1274 3819 tempo·

161 3842 206 3905 'lis
215 3840 241 3889 in
250 3841 330 3894 solem
339 3855 367 3888 se
376 3839 594 3889 contendentibus
603 3838 708 3899 evenit;
744 3847 783 3892 ¹³,
794 3846 920 3895 perwssae,
932 3834 1047 3881 crimina·
1243 3879 1246 3886 .

160 3918 322 3981 ,praestricta
334 3916 399 3974 acie,
409 3914 515 3964 videndi
526 3913 652 3965 facultate
663 3929 705 3964 ca·
776 3916 788 3940 '
806 3908 950 3972 ldmfinit]
967 3907 1040 3957 Idem
1056 3904 1122 3968 finit,
1140 3904 1208 3953 idem
1219 3901 1280 3956 υἰέ

171 3990 300 4044 ruerunt.’
745 3993 787 4034 tus
798 3992 827 4034 et
843 3993 951 4033 eventus
970 3983 1005 4030 sit
1027 3982 1086 4031 talis
1107 3978 1227 4030 amicitiae
1246 3978 1274 4029 iu

160 4053 167 4136 J
204 4073 213 4098 ¹
230 4065 354 4128 Nesidec]
371 4064 476 4115 Armua
489 4063 704 4128 principisexqarf-
744 4060 863 4125 privatis,
878 4074 908 4107 ac
921 4058 947 4107 in
958 4057 1085 4121 principe,
1105 4055 1165 4120 quia
1180 4054 1273 4105 eadent

168 4157 224 4199 rere
234 4141 346 4191 illicitam
356 4147 380 4190 et
390 4156 482 4205 mapa,
491 4156 533 4191 aec
543 4141 595 4190 ideo
605 4155 633 4190 eu
643 4154 704 4189 aare·
743 4136 829 4201 culpa,
840 4149 885 4184 seu
896 4133 964 4182 idem
975 4147 1047 4184 error
1056 4137 1105 4181 est.

168 4217 474 4290 mmmm-ebibunt.
502 4280 505 4286 Ι
777 4217 795 4243 '
812 4206 978 4277 foeffmf]
992 4208 1054 4260 Μ’
1065 4205 1098 4257 “d
1110 4204 1177 4266 ω·
1194 4178 1273 4264 ‘Pk'
