3075 4917
168 361 324 427 scns·
432 363 438 372 ’
537 350 746 404 ausimum
767 353 842 401 mn.
866 351 926 401 xr.
1183 339 1270 410 tim

169 502 248 569 lisso
257 500 433 578 Graecioe,¹
440 499 646 582 gloriamque
657 498 809 581 adeptos,
822 503 985 580 tanquam
993 496 1182 581 repererint,
1192 505 1269 581 qnae

93 617 108 638 *¹
171 602 389 687 acceperant?
434 600 570 684 Quippe
585 601 676 664 fame
695 606 757 677 est,
781 598 999 676 ‘Cadmumy
1014 599 1121 664 classe
1136 599 1271 666 Phoeni-

171 727 248 772 cum
267 712 413 782 vectum,
428 704 565 767 rudibus
586 691 719 766 adhue*
734 701 928 765 Graecorum
943 701 1076 784 populis
1098 702 1178 766 artis
1201 702 1273 786 ejus

171 814 337 873 auctorem
364 805 487 870 fuisse?
543 802 692 882 Quidam
714 800 922 883 ‘Cecropem
947 799 1192 881 Atheniensem,
1219 804 1273 867 vel

174 908 310 973 Linum·
333 904 552 982 Thebanum,¹³
574 909 607 968 et
629 903 834 985 temporibus
857 900 1011 984 Trojanis
1033 901 1274 982 Palamedem,c

173 1086 296 1146 Graeciae,
306 1085 374 1135 sams
436 1084 579 1134 ebabuisse
594 1083 661 1144 illos,
671 1082 745 1131 velut
755 1081 913 1143 invenerint,
923 1096 982 1145 quae
1002 1082 1035 1131 sb
1047 1082 1102 1131 aliis
1117 1082 1274 1132 didicerant.

173 1154 237 1203 Nem
252 1151 338 1211 ferunt
359 1152 397 1200 Ca
416 1165 483 1199 mum
504 1148 656 1198 Phoenicum
676 1146 784 1196 navibus
802 1146 925 1206 delatum,
936 1146 1000 1194 artis
1019 1146 1093 1195 istius
1113 1146 1275 1196 inuentorem

172 1214 261 1276 inisse,
279 1231 336 1265 cum
355 1215 483 1277 imperit-e
500 1213 583 1263 adhuc
604 1213 755 1261 Graecorum
777 1211 896 1260 nationes
915 1217 1011 1259 essent.
1045 1212 1159 1259 Nonnulli
1168 1214 1276 1276 marist,

173 1280 318 1345 Cecropem
334 1279 529 1340 Atheniensem,
548 1278 590 1326 vel
608 1276 702 1325 Linum
711 1274 870 1338 Thebanum,
887 1279 915 1325 et
931 1273 1065 1325 obsidione
1074 1275 1188 1338 'l'rojana
1198 1275 1275 1338 Palae

669 1437 779 1487 NOTAE

173 1553 265 1617 ‘stipati
282 1558 310 1603 et
322 1553 417 1612 Seium,
429 1553 469 1603 vel
484 1552 584 1613 Demus
595 1550 623 1599 in
639 1551 702 1601 Son·
742 1551 813 1601 nium
828 1552 874 1603 lib.
886 1565 936 1603 vlt.
955 1557 983 1601 et
994 1551 1099 1602 suidam
1112 1549 1275 1611 incontrito.

173 1630 221 1691 ria,
241 1631 345 1692 regione
356 1629 456 1693 imperii
468 1629 575 1677 Turcici
584 1626 702 1678 Asiatici.
742 1628 848 1691 Lipsius.

175 1706 336 1755 {illusorium
774 1712 785 1736 ¹
811 1703 920 1753 Rudibrss
940 1702 1027 1765 adbuc]
1060 1704 1184 1764 vertunt,
1204 1703 1277 1767 qnasi

205 1789 219 1814 ¹
236 1780 349 1844 Gracia]
367 1781 482 1841 Graecia,
500 1781 573 1844 regio
591 1781 703 1843 Europe
743 1779 826 1829 adbuc
847 1783 918 1829 rades
939 1787 1027 1830 esseut
1047 1780 1144 1841 ingenio
1166 1780 1275 1829 Graeci:

174 1858 315 1922 veteris,in
333 1859 414 1907 latere
433 1858 610 1907 meridionali:
627 1857 703 1907 hodie
743 1872 796 1907 non
813 1864 884 1907 certe
900 1861 971 1908 rudes
986 1858 1093 1920 ingenio,
1111 1859 1188 1907 immo
1207 1856 1277 1907 forte

172 1949 234 1999 pers
250 1940 292 1984 est
311 1936 393 1998 major
404 1931 569 1997 praefectura
581 1933 704 1996 Rimehoe,
740 1934 796 1998 jsm
808 1934 888 1997 scuti,
898 1940 926 1983 et
935 1935 991 1985 eliis
1003 1934 1107 1999 populis
1120 1933 1278 1997 subtiliores,
1295 1942 1301 1948 '

172 2011 252 2073 vulgo
263 2009 427 2072 Beglerheglic
434 2012 463 2059 de
472 2011 588 2072 Romelie,
600 2024 658 2060 cum
668 2009 706 2058 in·
743 2009 789 2058 sed
800 2011 932 2059 ruderarie
942 2015 1025 2060 eraut.

174 2085 237 2134 sulio
256 2085 442 2148 adjacentibus,
454 2085 501 2134 sub
513 2084 639 2148 praefecto
649 2085 704 2133 Mu·
778 2086 839 2137 Non
855 2088 926 2135 rades
943 2086 1038 2148 ingenis
1058 2086 1170 2148 majores
1195 2085 1279 2136 nostri

172 2159 261 2210 risnel
273 2161 415 2222 liuntur-rim,
430 2162 455 2210 in
466 2162 576 2212 'l'urcico
596 2162 704 2227 imperio
745 2160 815 2225 slim,
826 2161 889 2210 licet
908 2160 1027 2210 militiam
1045 2166 1159 2210 nostram
1179 2168 1207 2210 et
1226 2168 1279 2210 tora

174 2236 313 2300 Europaeo.
745 2243 834 2285 menta
848 2236 943 2285 bellica
953 2236 1061 2298 hujusce
1081 2235 1129 2286 reri
1145 2236 1280 2299 ignorave-

208 2312 274 2362 Haec
286 2314 357 2377 regio
368 2312 424 2363 fere
435 2317 494 2362 tots
510 2317 551 2362 est
567 2313 613 2362 sub
625 2311 705 2362 domi·
745 2311 808 2375 rint,
823 2317 854 2359 ut
874 2325 967 2374 neque,
982 2311 1027 2374 qni
1037 2317 1124 2374 typos,
1133 2325 1225 2361 noram
1238 2326 1278 2361 ar-

173 2388 217 2437 nio
227 2390 378 2439 Turcarnm.
412 2389 488 2441 Quod
501 2395 630 2451 superest,
642 2389 704 2438 Rei·
745 2391 799 2434 tem
811 2387 944 2436 literarum
955 2385 1105 2449 nescierint,
1114 2393 1183 2436 artes
1194 2387 1278 2438 adhuc

173 2463 287 2528 publicae
298 2464 410 2513 Venetae
429 2470 513 2526 paret.
539 2465 580 2512 Ex
600 2463 705 2513 chartis
745 2464 824 2513 rudes
845 2471 872 2513 et
893 2462 1066 2528 imperfectae,
1084 2463 1128 2512 sed
1149 2479 1200 2514 uon
1216 2465 1278 2515 ideo
1377 2512 1380 2517 .

174 2548 203 2591 et
223 2542 330 2591 Tabulis
343 2540 532 2605 Geograpbicis
553 2542 657 2591 Nicolai
679 2548 706 2591 et
745 2539 852 2602 pinguia
863 2546 891 2588 et
902 2554 990 2588 crassa
998 2539 1103 2602 ingenia
1113 2545 1196 2591 erant.
1229 2539 1278 2590 At·

174 2616 416 2667 GulielmiSsnsou.
434 2617 555 2666 Tillenos.
746 2621 834 2663 tamen
854 2615 955 2678 possint
975 2615 1026 2664 dici
1047 2615 1118 2663 eredes
1137 2616 1278 2666 secundnm

207 2693 313 2741 &Fumo
334 2697 379 2754 est,
399 2691 528 2754 Cutinam]
554 2692 642 2756 Atque
669 2693 707 2742 its
747 2690 818 2755 quid,
830 2692 890 2757 qnia
899 2691 1012 2741 noudum
1021 2698 1092 2741 artes
1102 2692 1141 2741 illi
1152 2693 1216 2742 satis
1227 2696 1279 2743 eal·

175 2766 305 2818 creditum
325 2767 456 2829 plerisque
475 2767 656 2829 scriptoribus,
678 2775 707 2817 ut
746 2768 845 2828 ierent3
868 2775 938 2816 artes
949 2768 1055 2832 quippe,
1071 2774 1101 2817 ut
1112 2774 1210 2832 cetera,
1221 2784 1279 2818 sen·

174 2842 707 2904 ClementiAlexandrino,strom.r.‘Cad-
745 2843 792 2891 sim
805 2842 965 2906 adolescunt,
974 2849 1001 2893 et
1018 2844 1124 2893 tandein
1134 2842 1239 2910 florent,
1251 2851 1279 2895 et

175 2934 232 2969 mus
244 2919 357 2968 Phoenix
366 2918 481 2980 nsfioue,
490 2916 543 2967 fnit
554 2919 651 2981 primus
669 2920 706 2968 in·
747 2933 806 2969 cunr
817 2920 848 2968 ils
858 2919 944 2968 animi.

74 3009 84 3028 ·
176 2999 270 3043 rentur
291 2993 435 3054 literarum,
457 2999 487 3042 nt
513 2994 551 3041 sit
570 2995 706 3056 Ephorus3
778 3003 791 3028 ⁸
808 2997 931 3059 Cecropem
942 2996 1119 3058 Athenionem,
1128 2991 1169 3044 αἱ
1179 2996 1279 3059 Linum]

175 3070 247 3119 unda
255 3074 361 3118 vocatas
376 3082 434 3118 esse
449 3068 539 3118 literas
549 3069 707 3132 Phoenicius,
746 3073 890 3135 Cecropem
912 3080 999 3120 tamen
1026 3071 1143 3135 plerique
1163 3069 1279 3135 AEgypto

177 3145 270 3195 scribit
281 3143 449 3194 Herodotus!
476 3145 509 3195 Q.
522 3145 642 3194 Curtius:
657 3145 708 3195 ‘si
747 3153 832 3196 ortum
850 3146 977 3207 fatentur,
987 3153 1016 3196 et
1033 3148 1105 3196 illinc
1122 3146 1238 3197 intulisse
1249 3148 1278 3196 li·

176 3220 254 3270 famis
265 3220 329 3269 libet
342 3219 460 3282 credere,
469 3220 525 3268 baec
546 3219 708 3284 gens(Pboe·
747 3229 826 3273 teras.
860 3224 938 3272 Linus
960 3232 1001 3272 est
1020 3224 1147 3286 Apollinis
1168 3231 1196 3272 et
1217 3224 1279 3273 Τετ-

176 3294 262 3356 nices)
280 3296 370 3344 literas
389 3295 472 3359 prime
492 3302 538 3343 aut
556 3295 645 3344 docuit
664 3302 709 3345 ant
749 3300 873 3363 psichoree
884 3299 1001 3361 iilius,de
1011 3314 1062 3363 quo
1070 3299 1177 3349 suidas:
1195 3299 1279 3349 ‘dici-

177 3371 290 3421 didicit?
750 3381 794 3423 tnr
810 3376 907 3438 primns
928 3375 972 3424 ille
990 3390 1023 3424 ex
1038 3376 1173 3425 Phoenicia
1190 3376 1279 3426 literas

211 3448 347 3500 Isidorus:
379 3451 552 3500 ‘Graecarnn
577 3450 710 3500 literarum
750 3450 994 3501 Gracisattulisse!

178 3538 255 3574 senus
281 3523 358 3586 primi
381 3525 518 3575 Pbsenlees
547 3531 709 3589 repererunt.
783 3525 955 3587 Itarides,in
972 3526 1124 3577 diversitate
1141 3529 1280 3579 sententia·

180 3600 252 3650 Hinc
268 3606 308 3648 est
326 3601 396 3663 quod
413 3601 554 3650 Phraniceo
574 3601 709 3650 colore'li·
750 3616 816 3665 rum,
843 3604 990 3653 consentire
1021 3611 1108 3654 tamen
1133 3619 1221 3655 omnes
1247 3605 1280 3654 de

179 3674 285 3724 brorum
300 3676 387 3738 cepita
402 3675 591 3733 describuntur,
606 3674 667 3740 quia
677 3675 710 3724 ab
750 3677 883 3738 Phenica,
900 3685 945 3727 aut
960 3678 1089 3743 AEgypto:
1113 3685 1140 3729 et
1150 3680 1216 3729 bene
1227 3680 1282 3728 Pli-

179 3751 244 3816 ipsis
252 3752 336 3802 literae
344 3752 446 3801 initium
454 3753 616 3804 habuerunt.'
634 3752 710 3804 Quod
749 3753 807 3802 nius
823 3768 952 3817 nunquam
974 3754 1161 3816 dubitassent,
1176 3755 1239 3819 quin
1249 3754 1281 3804 li·

180 3829 220 3878 sit
230 3828 264 3877 de
275 3828 360 3877 colore
371 3829 493 3893 capitum,
504 3830 558 3878 sire
575 3828 711 3877 titulorum
751 3834 815 3878 terae
827 3829 860 3877 ab
872 3828 984 3892 Assyriis
994 3835 1087 3877 essent.
1119 3828 1224 3891 Lipsius.

180 3902 209 3951 in
229 3902 309 3966 libris,
321 3917 409 3952 verum
427 3909 455 3953 et
473 3910 546 3952 vetus
565 3909 615 3953 est.
649 3904 712 3953 Ori·
782 3902 959 3967 Atheniensem]
979 3901 1098 3964 Athenae,
1108 3902 1170 3951 urbs
1181 3904 1281 3955 Atticae

181 3978 258 4028 dius:
275 3979 352 4028 ‘Nec
365 3978 455 4028 titulus
465 3978 552 4041 minio,
566 3993 615 4027 nec
632 3977 712 4028 cedro
751 3977 864 4040 regionis
875 3978 988 4040 minoris,
997 3978 1025 4026 in
1036 3977 1133 4027 Achaia
1148 3979 1283 4042 provincia

180 4054 276 4105 ehsrta
294 4052 418 4102 notetur!
466 4054 552 4103 causa
569 4059 656 4103 tamen
676 4054 713 4102 iu·
753 4052 883 4103 Graeciaer
911 4052 989 4101 bodie
1016 4057 1124 4102 vocatur
1147 4054 1239 4105 Albiso
1258 4059 1282 4107 ‘a

179 4135 258 4193 epta,
267 4136 336 4178 etex
346 4136 454 4193 pectore
466 4128 570 4178 Isidori.
595 4130 637 4177 De
649 4128 714 4177 Cad-
753 4128 854 4184 Grecis
865 4128 1051 4178 recentioribus
1063 4135 1091 4178 et
1099 4129 1201 4182 'furcis
1218 4133 1282 4182 Gal·

179 4204 715 4271 mmventoremgencrnltvldeer1²11·
753 4205 803 4256 lice
825 4199 941 4269 dicimus,
959 4205 1078 4265 Athenon
1103 4206 1166 4257 urbs
1187 4214 1228 4257 est
1245 4207 1281 4257 'A-
