3075 4917
238 398 304 466 684
606 413 640 459 c.
663 410 846 464 couuuuu
871 410 999 457 racrur
1180 413 1339 478 [murto.

239 574 377 641 quorum
391 555 425 617 in
438 571 557 617 manus
576 571 655 616 cura
667 558 792 615 nostra¹
808 554 943 629 venerit,
964 570 1004 615 ne
1029 551 1215 634 divulgatan
1238 560 1338 637 etque

203 646 212 655 ’
239 654 458 730 incredibilia,
481 652 579 718 avide
594 659 748 733 accepta,
763 652 862 729 veris,
884 671 990 736 neque
1004 653 1038 715 in
1053 654 1250 717 miraculum
1265 671 1338 720 cor·

240 760 358 844 ruptis,
377 758 607 821 antehabeant.

282 860 336 924 12.
359 857 525 933 Ceterum,
551 856 716 920 laudante⁰
731 857 836 919 filium
849 876 910 937 pro
923 859 1040 920 rostris
1063 856 1210 935 Tiberio,
1233 858 1338 922 Sena-

239 1031 350 1101 ltgeriat,
364 1038 428 1087 aeia
438 1041 522 1099 uulgus
537 1038 747 1114 temerejoctutu,
760 1044 785 1087 et
799 1051 877 1102 qm
886 1037 939 1102 fide
949 1038 1028 1086 aliena
1039 1043 1103 1098 anst,
1118 1039 1201 1114 capide
1211 1039 1339 1101 weipiat,

239 1117 325 1167 neque
336 1104 399 1151 talia
414 1103 584 1165 anteponunt
574 1103 615 1164 u'a,
630 1117 683 1165 qsoe
693 1108 757 1152 certo
774 1108 837 1165 arsat,
856 1118 953 1165 qsoeqsse
968 1117 1109 1164 aequum
1124 1103 1150 1150 ia
1160 1103 1339 1151 crimmum

233 1166 297 1231 fimo
307 1172 349 1215 urst
359 1168 493 1215 odaltmutu
502 1171 567 1215 mat.

274 1230 385 1280 Ceterum
404 1231 498 1284 l's'taeio
515 1231 687 1279 commendante
696 1229 779 1296 filiam
795 1232 859 1295 opud
875 1229 973 1291 Rostrm
991 1230 1077 1279 Patres
1093 1229 1201 1293 potaque
1214 1234 1300 1279 uatem
1310 1245 1339 1279 uc

699 1357 859 1376 OOOOOOONOO
862 1357 876 1374 O

273 1430 606 1501 lltalibriomuesediti,
622 1445 739 1501 etsupra
755 1436 849 1485 Anual.
860 1441 956 1492 uuit
981 1436 1053 1486 St...
1058 1436 1339 1500 plsreaodcrsmuitstu

238 1505 380 1580 βοάκων.
412 1505 532 1553 Muretus
544 1505 581 1553 art
592 1502 765 1567 qmbusdam
758 1516 785 1548 ru
797 1501 870 1550 lubus
881 1502 993 1565 antiquus
1010 1502 1071 1565 legi,
1089 1503 1194 1563 scriptu
1210 1505 1238 1548 et
1249 1512 1337 1562 supra,
1416 1539 1420 1545 .

239 1568 330 1627 munio,
348 1583 396 1631 pro
406 1583 527 1617 ammio
560 1569 659 1617 Vereor
669 1582 712 1629 ue
723 1566 862 1616 Ursruunr
856 1568 980 1628 smrtstus
999 1566 1118 1630 antiquos
1128 1565 1208 1615 libros
1218 1563 1260 1613 luc
1270 1577 1339 1613 eom

240 1631 400 1697 minimatut,
410 1639 441 1682 ut
450 1646 646 1697 opmrouessuas
657 1631 796 1695 approbet
814 1630 921 1679 Brotier.

748 1775 858 1827 NOTAE

271 1893 285 1922 ¹
301 1890 341 1939 Ne
354 1891 490 1955 divulgato]
506 1891 548 1942 Ne
559 1892 676 1956 vulgatos
686 1906 770 1941 rumo-
812 1891 907 1954 posito,
933 1905 965 1940 ue
988 1883 1124 1940 Pontificis
1146 1887 1248 1937 maximi
1270 1888 1339 1948 ocull

241 1977 282 2015 res
293 1972 371 2029 atque
383 1967 544 2016 incredibilia
555 1974 688 2017 narrantes
695 1968 770 2016 avide
810 1972 918 2030 aspectu
928 1967 1063 2016 cadaveris
1073 1965 1274 2014 funestarentur.
1295 1965 1339 2014 Se·

241 2040 374 2104 arripiant,
395 2050 600 2107 praeponautque
621 2043 698 2105 reris,
724 2057 769 2091 seu
809 2043 1111 2105 neca,cousolationead
1123 2042 1260 2091 Martiam:
1278 2040 1341 2089 ‘'li-

240 2116 360 2179 ltisturiis,
388 2118 483 2166 nudam
511 2131 596 2178 rerum
623 2120 769 2180 veritatem,
808 2121 894 2170 berius
912 2122 1009 2182 Caesar,
1028 2127 1056 2169 et
1074 2130 1150 2184 quem
1162 2124 1295 2182 genuerat,
1312 2123 1340 2166 et

239 2191 366 2257 nullisque
392 2194 551 2244 mirabilibus
569 2194 769 2244 circumstantiis
809 2210 885 2260 quem
899 2197 1081 2260 adoptaverat,
1101 2196 1193 2244 amisit.
1227 2195 1340 2258 lpaeta·

239 2266 267 2314 in
293 2267 405 2329 speciem
432 2276 533 2318 auctum
559 2263 768 2332 adornatumque,
808 2287 867 2320 meu
878 2287 926 2336 pro
937 2273 1040 2321 Rostris
1057 2272 1171 2320 laudavit
1187 2269 1278 2333 filiurn,
1289 2277 1339 2319 ste·

239 2343 437 2405 exeqnentibns.
472 2406 475 2410 ἵ
808 2350 892 2413 litque
911 2349 937 2396 iu
956 2354 1097 2410 conspectu
1119 2347 1205 2410 posito
1222 2359 1340 2409 corpore,

271 2423 284 2449 ⁰
299 2416 434 2483 homme]
458 2419 518 2468 Fuit
530 2419 573 2467 ille
584 2433 637 2469 mus
648 2421 768 2484 antiquus
808 2424 944 2488 interjecto
978 2423 1157 2473 tantummodo
1184 2424 1339 2484 velamento,

239 2493 308 2556 apud
320 2493 454 2557 AEgyptios
472 2494 593 2544 laudandi
604 2502 717 2544 mortuos
729 2510 769 2544 re·
809 2499 876 2562 quod
889 2497 1025 2548 Pontificio
1040 2499 1126 2548 oculos
1142 2514 1158 2547 a
1168 2497 1257 2549 funere
1268 2512 1340 2547 arce·

239 2581 284 2632 ges
296 2584 358 2632 cum
369 2570 550 2634 sepelirentur,
568 2573 607 2621 rel
627 2572 704 2621 etiam
724 2587 768 2621 eos
809 2573 867 2624 ret!

238 2642 411 2708 vitupereudi,
434 2652 463 2695 ut
478 2648 516 2696 sic
534 2647 660 2711 imperare
680 2664 769 2711 agere·
842 2651 975 2700 Recenset
986 2649 1339 2701 eundemritumDiul.1.m'.

238 2732 289 2783 que
300 2720 380 2769 vitam
388 2715 511 2771 laudabili
523 2731 605 2772 morte
615 2725 717 2789 dignam
726 2727 769 2775 ad·
810 2725 837 2774 in
847 2726 938 2775 funere
950 2725 1084 2789 Agrippa,
1101 2726 1146 2775 sed
1165 2739 1267 2774 causam
1280 2724 1339 2786 ejus

238 2793 376 2844 discerent
419 2797 506 2845 ‘l'estis
523 2799 652 2848 Diodorus
668 2801 770 2850 Siculus
808 2802 927 2865 ignorare
938 2800 1044 2859 fatetur,
1061 2807 1089 2849 et
1099 2814 1175 2864 qnam
1185 2801 1285 2848 Seneca
1294 2798 1339 2846 de·

237 2868 257 2916 l.
268 2882 300 2917 ιι.
311 2869 320 2897 ⁴
331 2869 390 2918 Hoc
402 2875 591 2935 temporeque
603 2874 636 2921 ed
648 2888 768 2939 pompam
809 2875 856 2940 dit,
877 2869 983 2925 refellit.
1020 2875 1107 2923 Verba
1128 2881 1201 2922 suut:
1219 2872 1288 2922 ‘Sed
1311 2879 1339 2921 et

239 2943 335 2994 funeris
346 2953 476 3010 spectant,
488 2950 651 3013 praeparatis,
669 2959 768 3014 postte·
808 2950 981 3001 laudationem
993 2949 1116 3013 Agrippa
1131 2948 1263 3012 Augustus
1275 2949 1339 2997 ceci·

238 3022 330 3072 medie
343 3037 437 3087 corpus
450 3024 476 3073 iu
493 3026 695 3076 arcacouditum
707 3035 767 3077 tute
810 3028 885 3089 tavit,
909 3027 968 3075 velo
989 3025 1108 3090 quopiam
1131 3032 1191 3073 aute
1210 3030 1338 3072 mortuum

237 3099 349 3163 sepulcri
360 3095 458 3151 aditum
471 3110 580 3164 ponunt.
613 3103 767 3154 Iblbrevia-
809 3118 931 3167 expanso.
975 3102 1007 3150 ld
1027 3101 1069 3150 cni
1091 3101 1128 3149 rei
1151 3100 1259 3161 fuctum,
1275 3100 1338 3149 milri

238 3174 304 3224 rium
325 3176 350 3224 in
373 3177 428 3228 vita
447 3177 480 3225 ab
500 3193 563 3242 rege
582 3185 712 3243 gestorum
734 3180 767 3228 de
808 3195 859 3230 non
871 3182 961 3245 liquet.
994 3178 1094 3228 Tamen
1109 3178 1253 3228 aliivolnnt
1268 3178 1339 3239 ideo,

237 3263 309 3300 more
332 3252 461 3302 recitant:
490 3254 637 3319 volentique
658 3254 768 3304 facultas
808 3258 869 3322 qnia
878 3254 1002 3304 Pontifex
1013 3261 1099 3303 esset:
1117 3254 1171 3316 alii,
1186 3254 1245 3317 quia
1254 3253 1338 3302 obiret

237 3326 317 3375 datur
328 3326 478 3377 defunctum
493 3330 639 3379 accusandi.
673 3330 768 3380 Astaut
808 3330 1041 3388 muneraeensoris.
1069 3329 1258 3379 Neutrirecte.
1285 3327 1338 3377 Ne·

237 3401 386 3452 sacerdotes
396 3404 490 3453 mortui
500 3411 571 3454 recte
579 3403 651 3455 facta
660 3405 767 3455 laudan·
808 3420 857 3471 que
868 3406 937 3456 euim
947 3406 989 3455 vel
999 3402 1122 3454 Pontifici
1132 3411 1261 3453 mortuum
1272 3403 1338 3466 aspi·

237 3482 291 3525 tes:
309 3479 428 3541 populus,
447 3479 468 3529 si
487 3495 637 3544 permagnus
652 3490 703 3544 est,
723 3483 766 3547 qui
807 3497 866 3531 cere
877 3481 966 3531 nefas:
984 3494 1067 3544 neque
1080 3480 1195 3542 Censori,
1212 3480 1261 3528 nisi
1277 3494 1337 3529 cum

237 3553 359 3617 exequias
378 3554 537 3618 circumstat,
555 3547 688 3619 applaudit
698 3558 766 3607 veris
806 3557 883 3607 linem
911 3557 1026 3606 censiuui
1053 3556 1171 3619 imponit,
1197 3553 1338 3619 conditque

237 3628 366 3691 laudibus,
381 3630 407 3678 iu
420 3630 523 3694 reliquis
535 3645 628 3695 magno
640 3633 765 3682 reclamat
807 3632 934 3683 lustrum?
949 3633 1016 3682 llaec
1027 3633 1088 3682 Dio.

237 3701 363 3776 tumultu:
383 3720 435 3770 quo
446 3705 542 3756 accidit
552 3714 580 3755 ut
592 3708 678 3770 plures
690 3723 764 3772 reges
837 3710 888 3758 Sed
894 3708 1076 3772 egoexistimo‚
1085 3706 1250 3758 dePontilice
1258 3707 1339 3757 Seue·

236 3787 398 3845 repugnante
411 3781 486 3843 plebe
498 3783 575 3832 solito
586 3785 716 3833 caruerint
727 3799 766 3833 se-
807 3800 864 3835 cam
876 3799 938 3835 vera
949 3784 1044 3833 dicere.
1078 3782 1152 3832 Socer
1169 3782 1338 3842 eninr3ideo·

237 3856 321 3918 pulcri
340 3857 446 3918 honore,
461 3872 490 3905 ac
507 3858 705 3921 magnificentia.
738 3860 766 3909 Is
808 3875 858 3924 que
871 3874 921 3908 uon
932 3860 1016 3923 ipsum
1027 3859 1108 3908 solum
1128 3858 1211 3908 arceri
1229 3864 1338 3923 aspectu

237 3929 313 3979 timor
324 3932 413 3997 euicit
431 3933 535 3998 AEgypti
556 3949 633 3999 reges
647 3936 719 4000 juste
730 3937 767 3986 ri·
807 3934 919 3996 funesto,
929 3935 976 3984 sed
987 3942 1015 3984 et
1024 3940 1116 3984 mutuus
1131 3936 1236 3985 Deorum
1251 3935 1338 3983 vulue-

237 4018 309 4069 vere,
331 4008 424 4057 veritos
445 4007 559 4058 futuram
579 4016 767 4073 postmortem
808 4019 878 4061 runt.
912 4012 978 4063 Quae
999 4011 1020 4058 si
1034 4011 1068 4059 'iu
1091 4012 1147 4060 loco
1169 4010 1271 4073 posite,
1292 4010 1339 4062 ubi

237 4078 322 4144 plebis
341 4080 414 4147 iram,
429 4089 507 4148 atque
528 4084 614 4134 odium
633 4085 768 4151 sempiter·
808 4087 936 4151 supplicia
957 4093 986 4136 et
1007 4086 1103 4148 cedes,
1124 4086 1197 4136 ueloci
1216 4099 1260 4138 ets
1280 4099 1337 4135 mos

198 4203 206 4218 .
238 4156 319 4207 ”⁰¹⁰3
807 4160 867 4224 tuit,
883 4168 929 4211 aut
938 4160 1074 4222 transferri,

269 4231 489 4299 monusculum]
500 4235 566 4286 velo
574 4232 680 4302 quidem
691 4236 769 4288 luter·
840 4238 924 4291 Notat
934 4238 990 4302 ipse
1000 4237 1066 4288 llio:
1077 4234 1235 4302 ‘Claudins,’
1246 4234 1338 4302 lnquit,
