3075 4917
181 391 316 457 noun
341 397 344 404 ·
543 389 750 442 annaeum
775 393 852 445 nra.
872 395 926 443 vr.
1216 383 1289 453 m

182 536 381 618 smmum
417 533 543 619 quippe
565 537 829 619 sapientissimos
843 543 1001 618 tetanus,
1016 542 1288 626 minueremus

183 657 296 702 aarum
312 636 518 715 emulantur,
539 639 847 724 diversosreperies
862 663 924 722 ;ao
938 644 1053 707 multis
1064 647 1198 710 lusimus
1210 629 1289 732 opi·¹

183 740 324 816 nimam,
348 744 438 804 ‘non
452 740 548 804 initia
561 745 675 819 nostri,
690 763 757 806 non
771 745 881 823 finem
896 763 963 811 non
976 746 1120 831 deniquo
1131 750 1287 815 homines

184 842 263 907 ntis
275 861 366 905 auree
374 840 398 906 :¹¹
411 842 487 906 ideo
502 842 705 907 ereberrimei
717 851 752 909 et
764 846 883 910 tristia¹
893 847 928 911 in
937 847 1044 912 bonos
1056 851 1179 915 etima
1192 852 1284 935 apud

184 942 363 1008 deteriores
390 945 484 1009 esse!
541 943 666 1009 Contra
690 946 759 1024 alii,
788 946 917 1011 ‘intrim
942 945 1090 1032 quidem
1106 971 1285 1034 congruere

183 1045 302 1123 rebus‚'
312 1053 441 1129 putant,
467 1048 548 1111 ‘sed
573 1066 639 1111 uon
653 1068 672 1112 e
688 1051 782 1131 vagis
798 1050 918 1129 stelliS,
932 1070 1046 1129 verum
1060 1051 1149 1135 apud
1163 1055 1284 1135 prinoi-

181 1148 246 1230 pia
268 1153 302 1211 et
325 1169 432 1213 nexus
448 1146 657 1214 'naturalium
681 1169 883 1216 causarum:
907 1171 948 1215 ao
964 1155 1073 1216 tamen
1087 1139 1288 1220 electionem*

183 1248 273 1312 vitae'
282 1251 591 1336 aobisrelinquunt3
605 1256 728 1338 ‘quam
740 1254 796 1316 ubi
806 1254 971 1335 elegeris‚²
980 1259 1104 1318 certum
1114 1256 1292 1339 immines,

182 1349 265 1420 tium
279 1352 448 1420 ordinem:
461 1353 670 1435 nequemala
680 1354 733 1418 vel
741 1355 841 1431 bona,
857 1375 932 1437 quae
944 1356 1063 1437 vulgus
1077 1362 1170 1438 putet
1180 1377 1188 1421 t
1198 1360 1285 1422 mul-

182 1455 247 1528 toe,
262 1454 321 1535 qui
336 1454 519 1518 conflictari
533 1454 682 1519 adversis
696 1453 880 1533 videantur,
895 1458 1023 1533 beatos,
1039 1477 1080 1521 ac
1095 1458 1283 1542 plerosque,

183 1571 376 1638 quanquam
403 1576 543 1639 magnas
569 1576 628 1640 par
653 1576 748 1639 opes,
774 1560 994 1638 miserrimos3
1025 1561 1055 1646 si
1077 1560 1127 1626 ini
1150 1580 1284 1642 gravem

181 1653 346 1722 fortunam
361 1662 550 1724 constanter
563 1658 713 1735 tolerent,
722 1658 758 1721 hi
773 1678 932 1741 prospera
940 1661 1124 1728 inconsulte
1132 1659 1286 1727 utantur-¹

181 1777 288 1866 antimus
300 1787 461 1868 patarenos,
469 1810 493 1854 et
504 1806 544 1867 qai
556 1806 688 1855 doctrinam
699 1821 778 1854 eorum
788 1812 916 1867 sectantur,
927 1808 954 1857 iu
966 1824 1037 1858 ease
1048 1809 1212 1860 dissentientes
1222 1811 1288 1861 aide.

181 1866 225 1928 tn,
241 1868 366 1931 multisque
382 1885 434 1918 eam
444 1869 547 1920 inditum
558 1884 615 1918 esse
622 1870 803 1931 parmenionem,
813 1886 864 1919 non
876 1874 1004 1936 principis
1014 1875 1106 1932 nostri,
1118 1876 1287 1938 moenitum,

180 1944 230 1980 nec
242 1932 344 1981 demum
356 1935 478 1983 mortales
496 1948 602 1996 prorsus
613 1935 673 1983 Diis
683 1948 753 1983 curae
765 1949 841 1984 esse:
859 1936 968 2001 ideoque
979 1937 1195 2001 frequentissimis
1205 1941 1284 1988 etiam

181 1996 296 2062 aduersis
306 1998 402 2061 probos
414 1997 569 2063 conflictari,
581 2013 706 2062 prospera
716 1999 787 2061 apud
798 2000 900 2063 pejores
912 2016 975 2052 esse.
1016 2003 1070 2057 Ans
1088 2008 1169 2054 contro
1176 2020 1186 2061 ‚·
1202 2004 1284 2054 fatum

182 2061 388 2135 quidemregere
400 2079 442 2112 res
454 2069 541 2112 omnes
549 2062 687 2111 existimat
693 2062 766 2138 ,qsed
784 2079 834 2114 non
846 2066 988 2127 persidem
1000 2067 1122 2128 errantia,
1138 2083 1226 2116 verum
1239 2084 1286 2145 paq

180 2126 256 2174 mitia
276 2132 304 2174 et
326 2128 427 2178 vincula
447 2142 581 2176 carnarum
602 2128 775 2175 naturalium:
795 2136 822 2177 et
838 2144 895 2193 qnae
917 2137 1001 2179 tamen
1013 2131 1162 2180 libertatem
1174 2133 1286 2195 eligendi

179 2191 243 2239 vita
253 2205 333 2254 genus
344 2191 411 2240 nobis
422 2194 564 2248 ancedeus,
581 2206 657 2255 quam
669 2191 712 2240 nn
723 2194 804 2240 semel
824 2194 942 2256 elegeris,
962 2202 1017 2243 tum
1036 2195 1114 2243 fixam
1135 2191 1288 2260 firmamque

180 2255 272 2304 seriem
283 2261 340 2305 sss'e
352 2270 446 2319 rernm,
467 2272 526 2321 quse
537 2256 689 2319 impendeat
699 2270 730 2305 ae
741 2255 838 2305 futusae
849 2266 908 2306 snut
921 2274 928 2306 z
947 2272 1032 2322 neque
1043 2274 1168 2323 prospera
1179 2274 1234 2309 esse
1245 2262 1286 2310 vel

181 2320 291 2370 edumas
301 2321 357 2380 illa,
373 2336 432 2385 quae
443 2320 709 2384 popalusexistimet3
726 2328 753 2368 et
765 2321 900 2387 plerosque
922 2321 1011 2372 selioes
1030 2338 1097 2384 asse,
1118 2325 1161 2387 qui
1179 2325 1288 2387 impros-

181 2386 252 2452 peris
271 2387 558 2448 exagitariputeutur,
579 2386 601 2434 si
623 2382 742 2436 infestam
755 2385 791 2433 illl
807 2388 1009 2451 saevientemque
1027 2386 1160 2444 fortunam
1177 2388 1287 2440 firmiter

179 2450 334 2518 sustineant,
344 2458 370 2499 et
378 2451 473 2501 multos
482 2450 678 2511 infelicissimos,
687 2448 751 2499 licet
761 2445 892 2502 immensis
902 2450 1000 2500 divitiis
1009 2449 1125 2518 affluant,
1145 2453 1167 2504 si
1174 2454 1289 2520 secunda

631 2585 636 2593 t
643 2558 823 2579 metuente

214 2632 228 2675 1
246 2627 390 2677 Beroaldus
409 2616 716 2688 emerentianam
735 2631 764 2674 et,
779 2626 869 2675 tristia.
903 2625 1016 2675 Omnino
1027 2613 1225 2688 emendandum,
1237 2643 1288 2677 ore-
1385 2677 1390 2684 ,

179 2690 282 2742 tanne
298 2687 388 2755 tristia,
399 2692 552 2755 pronuntiat
563 2691 762 2751 Freinshemius,
779 2688 937 2752 suffragatur
948 2689 1081 2742 Ernestus.
1114 2691 1174 2742 Jsc.
1185 2691 1287 2751 Grono-

178 2756 238 2810 vius
248 2762 344 2817 tentat,
354 2758 494 2808 ueterrima
505 2755 593 2804 tristia.
629 2755 790 2804 Gronovium
804 2763 907 2803 secutus
918 2760 959 2803 est
971 2756 1011 2805 cl.
1029 2754 1190 2806 Iralleruand.
1223 2757 1287 2808 Plus

179 2822 277 2871 seterIs
288 2822 425 2884 scripturae
444 2828 472 2869 et
482 2817 594 2882 εὐφωνίας
606 2834 662 2868 esse
677 2820 703 2867 in
715 2819 853 2870 creinm'me
862 2819 990 2870 existimo.
1006 2820 1165 2871 Baetica-2
1181 2821 1288 2872 Frustra

180 2889 268 2934 tentat
288 2887 423 2950 Ernestus,
444 2901 514 2949 qnam
534 2882 684 2946 sitifensis,
701 2885 741 2932 vel
752 2881 821 2946 mum
831 2882 872 2931 nbi
882 2884 990 2933 decretis.
1024 2884 1103 2933 Haud
1115 2885 1286 2949 ineleganter,

676 2963 789 3048 uorsa

177 3094 295 3144 “Fatum
317 3098 359 3143 est
375 3093 537 3156 sempiterna
548 3091 677 3157 quaedam,
687 3097 716 3142 et
754 3099 809 3142 tam
821 3092 925 3157 quidem
937 3092 976 3154 ita
994 3090 1141 3152 convenire,
1152 3105 1197 3140 seu
1208 3104 1235 3140 se
1247 3104 1289 3139 aa·

179 3169 372 3221 indeclinabilis
382 3169 463 3218 series
475 3183 570 3229 rernm,
584 3164 613 3216 et'
622 3174 716 3217 catena
750 3168 917 3218 'eommodare
929 3167 1006 3218 rebus
1018 3168 1174 3228 mortalium,
1196 3173 1288 3216 utnon

180 3248 288 3297 volvens
306 3246 447 3309 semetipsa
457 3260 522 3308 sese,
543 3251 572 3295 e't
581 3245 715 3307 implicans
755 3259 789 3294 en
799 3260 866 3309 vago
879 3259 954 3295 eursu
966 3246 1111 3304 stellarum,
1127 3244 1179 3291 lane
1189 3242 1287 3291 etlllno

180 3337 230 3388 per
251 3330 364 3372 aeternos
383 3322 577 3386 consequentiae
594 3321 716 3382 ordines;
754 3324 829 3371 velut
849 3322 950 3371 incerto
969 3326 1042 3370 motu
1061 3319 1238 3369 oberrantium
1259 3316 1287 3365 id

179 3398 315 3463 erquibus
325 3404 397 3462 apta,
409 3411 579 3463 connexaque
591 3396 650 3446 est?
755 3399 879 3461 pendeat,
886 3398 970 3447 sedex
979 3396 1122 3460 primipilo,
1130 3402 1158 3444 et
1169 3410 1201 3443 ex
1220 3395 1288 3443 serie

185 3491 188 3498 ’
213 3472 226 3506 ὃ
243 3474 360 3523 Homines
379 3475 439 3524 Diis
452 3474 531 3537 mre]
554 3473 622 3522 Plin.
639 3486 671 3522 ιι.
689 3476 714 3521 i.
755 3487 801 3522 seu
823 3473 912 3523 ordine
931 3486 1065 3522 causamur
1076 3471 1240 3531 naturalium,
1251 3469 1289 3517 ln·

178 3550 619 3614 ‘Inideadumveroagereeuram
628 3561 715 3597 rerum
754 3550 843 3599 vicem·
857 3550 1043 3600 emerentiana
1061 3547 1108 3613 (lbi
1125 3546 1245 3610 mainis
1260 3549 1289 3594 et

179 3629 350 3678 humanarum
371 3627 437 3677 illud
453 3626 581 3692 quiequid
596 3634 637 3676 est
646 3642 714 3676 sum·
754 3642 831 3676 cuasa
846 3625 901 3675 fero
919 3639 997 3676 unum
1008 3630 1036 3673 et
1046 3624 1114 3673 idem
1126 3620 1197 3684 sunt)
1208 3637 1215 3681 ;
1228 3633 1287 3683 quas

178 3717 260 3755 asum.
285 3702 361 3757 Anne
373 3712 432 3753 ‘tam
450 3705 528 3768 tristi,
539 3709 617 3768 atque
628 3703 714 3752 multi·
754 3715 840 3752 cansae
857 3704 988 3751 naturales
997 3715 1046 3749 nos
1061 3701 1099 3749 ita
1114 3704 1232 3759 nectunt,
1241 3701 1289 3745 sut

178 3781 245 3848 plici
262 3781 405 3831 ministerio
416 3796 468 3830 non
482 3782 562 3845 pollui
573 3780 715 3842 credamus,
753 3778 879 3842 vinciunt,
890 3786 919 3828 ut
928 3785 1016 3830 tamen
1025 3775 1098 3824 nobis
1106 3774 1214 3823 itteram
1224 3772 1288 3821 vitas

178 3859 391 3909 dubitemusne?
423 3857 475 3907 Sed
487 3857 641 3907 intenebris
657 3857 715 3907 haee
754 3855 908 3904 electionem
929 3855 1085 3917 relinquant,
1105 3863 1183 3915 quam
1200 3854 1288 3897 tamen
1350 3889 1355 3894 .

179 3937 279 3987 ethnici
285 3936 433 4001 jactabant.
755 3932 835 3981 vitam
855 3931 901 3981 ubi
923 3930 1040 3994 elegeris,
1056 3929 1112 3992 jam
1133 3931 1232 3976 eertum
1249 3924 1288 3973 irr-

213 4012 293 4063 ¹Idao
311 4011 463 4074 mebarrime]
490 4010 621 4073 Intellige‚
643 4008 715 4073 quasi
755 4014 825 4058 stare
846 4007 963 4057 ordinem
985 4018 1073 4054 eorum
1094 4002 1226 4051 bonorum
1242 4006 1288 4049 aut

177 4089 344 4154 scripsisset;
356 4092 384 4137 et
394 4088 453 4137 ideo
464 4088 620 4136 creberrima
631 4084 716 4134 tristis
755 4086 891 4160 malorum,
902 4097 961 4150 quae
976 4080 1026 4133 tibi
1035 4079 1062 4129 in
1072 4077 1287 4144 marcomirum

178 4167 209 4218 in
227 4166 316 4229 bonos,
331 4163 395 4215 laeta
411 4164 480 4227 apud
497 4162 637 4212 deteriores
648 4174 715 4210 esse.
754 4159 864 4215 maest,

182 4241 327 4296 ··tFatsm
347 4241 451 4308 quidem]
472 4239 526 4293 aar
544 4234 718 4301 sentinante·
766 4255 769 4260 ·
