3075 4917
214 299 368 412 σώζω
574 341 785 397 nunautun
811 349 884 400 uis.
907 347 962 400 xn
1230 319 1319 405 1091

215 488 285 552 ¹ulio
307 483 555 552 dissimulantes
567 487 588 549 τ’
620 488 748 555 deinde
761 497 862 571 metu,
893 511 934 557 no
958 495 1004 559 nd·
1019 493 1211 579 pemicienn²
1230 498 1318 563 ultro

214 591 430 666 traherentur,
460 588 643 655 desistunt:
681 593 809 671 PallaS,
838 615 898 678 per
924 598 1112 679 ignavium
1144 599 1318 679 Callistum

215 691 335 775 prioris
350 710 483 774 quoque
505 693 619 773 regiae⁰
641 696 777 777 peritton,
800 701 834 761 et
858 701 1039 780 potentiam
1060 701 1318 787 cautianuom

215 793 357 868 acribus,
383 791 533 856 consiliis
555 796 658 859 tutius
680 797 805 861 haberi.
863 800 1014 865 Perstitit
1036 802 1232 882 Narcissus
1257 809 1316 881 etr!

217 969 393 1023 absterrerent
403 988 419 1022 a
430 973 554 1037 cupidine
564 975 630 1038 Silii,
638 982 727 1027 cetera
737 979 889 1042 reticentes,
899 982 971 1031 velut
986 983 1067 1045 ignari
1079 1000 1087 1044 ς
1103 954 1184 1046 posteo
1194 985 1275 1046 ueriti,
1286 948 1316 1033 ne

217 1038 318 1112 enitimur
329 1038 433 1111 sibiipsi
440 1043 562 1101 pararent,
573 1055 625 1089 ress
634 1043 759 1094 damst:
772 1046 855 1094 Pullos
871 1061 914 1108 per
924 1048 1035 1105 inertium
1041 1065 1050 1105 ,·
1068 1048 1182 1099 Cadistus
1191 1050 1318 1112 superioris

214 1106 289 1151 snum
298 1104 359 1152 asle
367 1117 465 1167 gnara,
480 1104 614 1168 sciensque
624 1107 790 1158 mundatem
799 1111 889 1160 serunt
899 1112 976 1162 tutius
987 1114 1087 1177 collldis,
1095 1110 1164 1178 quom
1174 1113 1316 1163 violentiori·

678 1229 751 1252 oneo
754 1231 858 1254 ΙΟΙΝΝ

222 1361 224 1364 ,
250 1313 264 1357 l
282 1308 419 1372 Narcissus,
429 1295 504 1361 solers
516 1310 598 1362 edidit
610 1311 760 1378 Rhenanus,
775 1316 917 1370 Beroaldus
936 1320 1075 1385 interjecta
1085 1322 1179 1386 copula
1190 1327 1223 1387 et,
1233 1281 1326 1372 solum..

711 1481 821 1533 NOTAE

226 1604 229 1611 ·
246 1584 286 1635 Eo
295 1593 368 1638 metu
378 1586 468 1650 tiebat,
483 1594 514 1640 ut
530 1591 564 1640 ad
580 1591 650 1641 uliud
661 1593 757 1642 eonsi·=
783 1594 817 1643 sis
828 1595 970 1659 perniciem
986 1595 1154 1656 molirentur3
1166 1594 1228 1659 unis
1247 1594 1317 1645 eninr

210 1659 275 1712 lium
286 1661 484 1729 descenderent,
511 1666 534 1716 si
560 1668 617 1717 sine
641 1683 745 1718 accusa·
784 1671 922 1721 admoueat
942 1673 1139 1735 praepollentem
1151 1669 1317 1733 impudicum,

211 1736 282 1786 tione
306 1738 466 1790 Messallinae
493 1750 601 1805 possent
626 1753 744 1795 avertere
784 1755 811 1798 et
822 1764 880 1798 eam
891 1749 1024 1813 depellere
1042 1764 1057 1796 a
1073 1747 1182 1798 libidine
1196 1750 1315 1805 conetur,

208 1812 320 1864 erinon
331 1830 347 1863 a
356 1816 443 1879 capite
454 1818 589 1882 principis.
783 1825 834 1872 nisi
845 1826 950 1888 proprio
960 1824 1058 1874 exitio?
1313 1837 1317 1844 '

244 1888 278 1938 Id
296 1890 432 1939 videbatur
449 1892 505 1942 fieri
527 1909 612 1958 posse,
628 1895 649 1945 si
664 1894 698 1945 ab
719 1913 745 1946 a·
816 1900 881 1952 Quis
891 1900 1050 1964 exprobrare
1063 1897 1159 1948 audeat
1172 1896 1234 1947 talia
1244 1894 1316 1960 flagi·

206 1963 284 2013 'inore
303 1965 360 2016 Silii
381 1982 439 2016 eam
460 1971 651 2032 absterrerent3
675 1973 743 2035 quod
784 1974 839 2022 tia?
865 1975 918 2025 Qui
939 1981 1036 2037 monet,
1056 1973 1154 2024 focinus
1182 1972 1317 2035 objectat3

211 2042 323 2094 secretis
332 2045 408 2095 minis
423 2049 577 2112 tentandum
589 2050 673 2113 primo
684 2066 744 2100 een·
783 2048 843 2098 hinc
855 2051 993 2101 Narcissus
1006 2049 1081 2099 valde
1097 2055 1187 2112 cavet,
1197 2048 1246 2098 ‘ne
1265 2064 1318 2114 quo

213 2126 319 2170 suerent
346 2122 443 2185 liberti,
471 2125 569 2188 injecto
590 2133 671 2189 metu,
693 2127 743 2176 nisi
784 2140 901 2176 sermone
916 2127 1050 2189 praesciam
1061 2124 1175 2174 criminis
1193 2130 1222 2173 et
1241 2138 1317 2173 accu-

212 2196 359 2248 adulterum
369 2200 536 2265 relinqueret,
548 2201 662 2252 dicturos
673 2203 743 2267 prin·
782 2201 874 2250 satoris
883 2200 1000 2250 faceret!
1027 2200 1097 2250 Nam
1107 2200 1115 2227 ‘
1127 2200 1219 2249 mulier
1229 2200 1317 2249 savis·

212 2273 275 2338 cipi.
783 2276 848 2325 sima
859 2282 920 2326 tnnc
930 2283 981 2338 est,
992 2277 1058 2327 Cum
1070 2275 1187 2325 stimulos
1197 2274 1258 2325 odio
1269 2290 1316 2340 pu-

203 2352 213 2414 j
244 2351 403 2402 Rursusboc
421 2352 555 2402 consilium
572 2354 762 2418 periculosum„
782 2351 978 2403 doradmovet!

210 2427 304 2488 uisum,
314 2442 347 2476 ne
358 2428 489 2490 impotens
500 2430 593 2479 rnulier
603 2431 673 2479 ultro
691 2446 743 2480 mo·
814 2427 944 2490 ⁰1Prioris
962 2443 1049 2491 quoque
1066 2427 1152 2490 regia]
1179 2428 1232 2477 Sub
1253 2429 1316 2479 Caio

211 2502 311 2550 nitores
322 2502 349 2550 iu
358 2503 463 2551 exitium
473 2512 586 2567 raperet.
783 2504 852 2568 apud
865 2518 940 2569 quern
949 2505 976 2554 in
988 2504 1070 2568 grstia
1080 2503 1249 2568 potentiaque
1258 2504 1316 2556 fuit.

244 2577 324 2627 Itsin
344 2584 421 2634 tanto⁴
436 2580 600 2629 consiliorum
613 2587 687 2644 astu,
699 2580 743 2631 de·
783 2579 834 2628 Dio
846 2580 891 2629 nbi
902 2581 935 2629 de
947 2580 1066 2630 Domitio
1078 2579 1154 2643 Afro,
1165 2580 1183 2629 1.
1195 2591 1251 2629 unx.
1280 2581 1316 2631 Et

212 2653 304 2703 stitere
315 2668 420 2718 prorsus
430 2655 463 2704 ab
479 2656 548 2705 omni
564 2657 668 2721 incepto
684 2657 744 2707 Pal·
784 2655 917 2719 eleganter
936 2657 1036 2706 Seneca
1057 2657 1169 2721 epistola
1189 2657 1314 2722 quadarn:

212 2731 251 2779 las
262 2736 290 2780 et
299 2731 430 2793 Callistus,
438 2733 611 2795 expectaturi,
619 2732 680 2796 quid
691 2731 743 2782 fors
783 2731 878 2781 ‘Stare
898 2739 958 2782 unte
976 2732 1053 2781 limen
1072 2732 1173 2782 Callisti
1185 2732 1316 2783 dominum

209 2806 308 2858 ferret:
325 2807 413 2857 Pallas
423 2808 533 2873 ignauia,
543 2808 666 2858 Callistus
681 2824 742 2872 pru·
784 2808 931 2871 sormunt,-
948 2814 976 2858 et
987 2823 1047 2858 eunn
1057 2808 1102 2873 qui
1118 2808 1155 2858 illi
1172 2808 1328 2872 impegerat,

212 2884 310 2933 dantia.
674 2897 677 2901 ’
784 2884 898 2947 titulum,
916 2885 960 2949 qui
972 2885 1040 2934 inter
1058 2884 1167 2935 ridicula
1185 2886 1317 2949 mancipia

241 2962 316 3011 Solus
326 2961 463 3012 Narcissus
481 2962 596 3026 perstitit
612 2963 638 3010 in
654 2963 743 3012 amoli-
784 2959 951 3023 produxerat,
978 2960 1037 3009 ullis
1057 2959 1213 3011 intrantibus
1230 2962 1317 3011 exolu-

210 3038 278 3088 eudo
290 3038 490 3102 perieulo‚qnod
501 3039 651 3088 imminebat
662 3040 744 3101 capiti
783 3034 827 3083 di?

210 3114 354 3178 principis;
372 3114 419 3162 sed
437 3128 497 3163 usus
518 3114 604 3177 priore
623 3115 740 3178 consilio,
814 3112 866 3161 Sed
883 3111 934 3162 fuit
951 3128 1002 3162 non
1019 3113 1104 3163 minus
1121 3129 1228 3178 magnus
1245 3117 1316 3180 npud

210 3191 386 3252 praereniendi
409 3190 553 3241 adulteram
574 3192 642 3253 apud
664 3205 743 3240 aures.
780 3189 935 3239 Claudiurn:
955 3197 1047 3254 estque
1058 3191 1103 3240 ille
1114 3191 1184 3256 ipse,
1194 3192 1236 3241 eui
1247 3194 1316 3243 Scri·

209 3268 352 3331 principis:
370 3269 479 3316 alterum
498 3267 633 3316 consilium
653 3282 741 3328 asper·
780 3267 870 3317 bonius
882 3269 980 3331 Largus
992 3267 1107 3317 medicus
1114 3269 1171 3333 ejus
1181 3270 1240 3331 avi,
1252 3286 1317 3336 opus

209 3344 373 3405 nntus‚minis
381 3344 558 3394 absterrendae
568 3343 741 3403 Messallinae;
780 3358 853 3393 suuur
864 3343 991 3404 inscribit,
1011 3352 1039 3394 et
1050 3345 1166 3409 appellat
1178 3345 1208 3395 C.
1216 3347 1318 3402 dulium

209 3423 243 3467 ne
259 3419 427 3483 exindeipsa
445 3419 622 3481 suspicaretur
637 3434 741 3468 aecusa-
780 3420 924 3469 Callistum.
948 3419 1053 3482 Lipsius.

211 3501 507 3559 turum,etoecuparet.
529 3497 660 3544 Mereerus.
813 3494 942 3557 neuun]
975 3495 1054 3557 Hinc,
1077 3503 1108 3546 ut
1133 3503 1208 3561 puto,
1229 3503 1331 3561 poten<

208 3575 211 3580 ⁴
242 3570 346 3622 decretis
360 3565 442 3634 inim]
467 3571 529 3621 Nou
549 3572 619 3620 muts
640 3571 696 3630 viri,
712 3577 742 3621 ut
783 3571 917 3635 scripsisse
932 3570 997 3622 alibi
1012 3572 1141 3633 Taciturn,
1159 3571 1238 3622 fuisse
1258 3574 1318 3623 Cal·

207 3647 308 3711 volunt,
326 3647 373 3697 sed
394 3654 481 3698 tannen
499 3647 602 3696 nornine
622 3648 680 3710 riri,
697 3654 743 3697 aut
781 3650 869 3698 listurn
897 3649 967 3697 inter
994 3649 1111 3698 conscios
1133 3651 1318 3713 conjurationis

208 3725 301 3774 saltem
313 3724 384 3790 quasi
396 3724 499 3774 nornine
517 3723 575 3782 viri,
585 3723 667 3772 urinas
683 3723 741 3772 illas
782 3725 904 3774 adversus
917 3723 1016 3786 Caium,
1034 3738 1085 3773 non
1096 3733 1197 3787 aperte,
1214 3726 1260 3776 sed
1272 3742 1328 3778 oe·¹

208 3800 742 3862 intentaturierantpotentesliberti3nut
782 3802 862 3861 culte,
881 3805 910 3849 et
928 3800 1006 3849 coritis
1023 3800 1129 3850 comitiis
1144 3799 1237 3850 favisse
1256 3805 1318 3866 per.

207 3871 296 3942 'potius
306 3892 353 3926 sno
369 3877 481 3936 nornine,
500 3876 545 3939 qni
563 3889 591 3923 se
611 3874 741 3923 delaturos
782 3875 935 3924 cnssoribus.
968 3875 1036 3923 Nam
1047 3874 1143 3939 alioqui
1153 3889 1206 3924 non
1218 3878 1325 3928 eumin·

208 3952 321 4016 principi
333 3952 386 4002 tale
396 3952 481 4018 scelus
492 3953 661 4000 minarentur.
688 3950 742 3999 Ne·
782 3953 842 4000 aula
851 3951 987 4001 tolerasset
998 3948 1131 4010 Claudius,
1150 3949 1195 4014 qui
1204 3961 1317 4004 mortain

208 4042 260 4091 que
277 4028 358 4078 etiarn
368 4027 466 4078 talibus
482 4025 596 4076 foeminis
608 4032 742 4078 accusato·
783 4026 906 4090 Caligula
919 4026 946 4076 in
957 4025 1081 4090 quosdam
1088 4025 1240 4088 vindicavit,
1249 4042 1328 4091 pra„

211 4119 254 4155 res
265 4104 384 4157 deerant.
552 4149 554 4154 .
781 4104 871 4153 sertirn
882 4102 1034 4167 quinetiam
1046 4102 1193 4165 postulasse
1205 4105 1320 4160 morteri)

241 4180 507 4246 mear-persidem]
532 4180 741 4246 Nesibtmsrlp-
781 4180 1198 4248 usneoujurstucoursuuu
