3075 4917
122 420 125 424 J
189 401 260 460 tc.
274 404 328 471 sse]
550 404 759 458 uenantum
783 408 857 457 nu.
876 408 927 462 vr.
1222 394 1290 465 odd

231 549 288 616 25.
310 547 469 616 Nondum
483 548 514 613 is
524 534 624 616 ⁸dolor
638 550 841 630 exoleverat,
854 573 932 618 enm
952 551 995 618 de
1009 549 1215 638 Agrippinass
1226 577 1290 624 au·

188 651 305 730 ditum,
319 673 431 737 quarn,
446 651 618 717 interfecto
633 653 769 736 SeJano,
785 673 847 738 spe
861 658 1085 734 sustentatam,
1100 658 1289 740 provixisse

184 774 273 832 reor,
286 761 331 833 et,
347 761 529 838 postquam
553 755 634 819 nihil
648 755 690 818 de
714 756 850 820 saevitia
870 756 1106 837 remittebatur,
1121 760 1289 828 voluntate

189 857 388 920 extinctam:
410 856 477 920 nisi
498 857 541 934 si,
555 858 684 939 negatis
703 856 882 935 alimentis,
898 857 1115 926 assimulatus
1136 867 1189 927 est
1202 863 1289 943 finis,

188 957 247 1039 qni
270 958 433 1022 videretur
459 965 576 1041 sponte
598 964 737 1023 sumtus.
779 957 957 1024 Enimvero
970 961 1124 1027 Tiberius
1137 963 1288 1028 foedissi-

186 1058 252 1122 mis
281 1060 567 1125 criminationibus
594 1061 732 1139 exemit,
758 1061 1036 1146 ‘impudicitiam’
1050 1083 1203 1147 arguens,
1226 1071 1287 1132 ‘et

187 1157 345 1227 Asinium
360 1162 494 1227 Gallum
508 1163 702 1242 adulterum,
716 1165 855 1248 ejusque
873 1170 978 1230 morte
994 1165 1038 1229 ad
1052 1167 1190 1231 taedium
1204 1167 1286 1233 vitae

187 1263 414 1347 compulsam?
456 1264 526 1329 Sed
539 1263 740 1349 Agrippina,
752 1266 863 1350 aequi¹
878 1265 1087 1351 impetierat
1097 1268 1286 1335 dominandi

187 1364 464 1444 avida,virllibus
487 1368 576 1436 curis
594 1367 806 1431 foeminarum
826 1366 911 1436 vitia
935 1373 1084 1440 exuerat.
1130 1368 1285 1440 ‘Eodem

186 1462 258 1530 die¹
279 1466 479 1548 defunctam,
502 1488 569 1552 quo
589 1468 728 1534 biennio
749 1473 827 1533 ante
849 1468 992 1557 Sejanus
1012 1485 1133 1557 poenas
1154 1471 1284 1553 luisset,

217 1675 328 1725 Nondum
344 1691 430 1726 meror
448 1678 489 1727 ille
507 1679 680 1740 decimatores
696 1679 725 1728 de
735 1677 871 1742 Agrippino
886 1680 1165 1742 cumulatissimum,
1176 1690 1285 1741 oppresso

183 1737 456 1804 selenomantiae,
467 1757 508 1805 spe
523 1757 548 1792 se
558 1743 719 1807 aliquatenus
731 1743 894 1802 sustinentem,
903 1746 976 1807 peto:
991 1745 1018 1790 ct
1033 1742 1074 1791 eti
1089 1742 1150 1791 nuit
1160 1745 1190 1791 de
1198 1741 1285 1790 otrod-

182 1806 493 1869 toterelimotutar,spmte
502 1812 601 1856 mortes
610 1809 731 1856 mmrmee:
746 1807 795 1855 nist
812 1807 834 1856 ei
848 1807 977 1856 attractis
992 1805 1051 1855 cilia
1065 1805 1205 1856 membrata
1220 1819 1284 1861 suere

182 1873 227 1932 eet,
234 1885 286 1932 qnae
292 1874 419 1932 patoretur
429 1872 492 1919 sitm
502 1873 610 1934 comte.
644 1871 738 1934 Quippe
751 1871 860 1920 literius
870 1870 1014 1934 turpissimis
1021 1870 1229 1936 promitteretur
1238 1874 1286 1934 eet,

182 1931 293 1982 foemina
305 1933 439 1983 libidinem
448 1936 565 1994 immas,
575 1941 604 1984 et
612 1933 730 1984 Asinium
740 1936 845 1984 Gallum
853 1941 1029 1998 corruptorem
1040 1951 1047 1994 ;
1064 1950 1147 1999 eoque
1158 1934 1285 1997 extincto,

181 1999 264 2046 sitam
275 2012 330 2061 prae
349 1999 428 2047 taedio
445 1998 529 2062 ipsam
546 2000 716 2049 exhorruisse.
748 1999 942 2062 Seddgrippim
952 1998 1015 2062 requi
1028 1999 1165 2058 intolerans,
1176 2005 1199 2048 et
1211 1998 1284 2062 impe·

181 2063 252 2109 randi
268 2063 481 2126 cupido,etrililaa
494 2062 713 2122 studiissoeminem
731 2063 852 2126 cupidines
861 2069 991 2127 spreverat.
1022 2064 1126 2114 Addidit
1138 2065 1230 2123 Caemr,
1238 2077 1282 2113 eo·

182 2125 246 2175 dem
261 2126 303 2176 die
321 2127 547 2208 extinctamxesse,
559 2142 610 2193 quo
632 2127 736 2177 biennio
756 2134 817 2177 ante
836 2126 869 2176 de
888 2127 982 2194 'Sejano
1000 2127 1155 2192 supplicium
1169 2133 1282 2181 sumtum
1324 2173 1326 2178 ⁴

645 2270 822 2291 uenerunt

213 2373 227 2419 1
246 2370 356 2434 Optime
374 2372 490 2421 dictum:
508 2385 557 2423 nec
575 2373 727 2423 tentandum
739 2389 801 2426 cnm
810 2372 1041 2438 Heinsio‚olsepeii
1059 2374 1190 2438 inpatieus.
1215 2372 1281 2428 Bro-

181 2435 240 2486 tier.
274 2433 409 2485 Acidaliae
429 2438 507 2500 plane
526 2452 576 2492 nun
588 2453 677 2488 rernm
695 2439 852 2502 creditoepoi
870 2439 1006 2501 impetierit,
1024 2447 1151 2514 putatque
1167 2440 1221 2500 regi
1238 2440 1279 2496 vel

172 2500 231 2560 jugi
238 2499 364 2563 impatiens
374 2501 520 2564 legendum.
552 2502 604 2551 Sed
621 2516 711 2552 verum
723 2509 798 2569 patet
807 2517 840 2552 ea
852 2516 884 2554 ιι.
893 2507 933 2556 42.
949 2503 956 2530 ‘
969 2503 1083 2567 Regibus
1094 2517 1168 2570 aeqna
1184 2501 1281 2559 nedum

180 2564 536 2636 infimainsoiita.''Rycleios.
1088 2573 1096 2584 ·

674 2680 784 2736 Now

213 2805 303 2854 reum
324 2805 507 2872 dedgrippisu]
523 2807 629 2861 Sueten.
648 2810 708 2860 Tib.
749 2817 818 2862 esset
839 2811 925 2877 neptia
946 2819 974 2863 et
995 2811 1049 2864 filia
1067 2811 1190 2879 Augusti,
1213 2828 1280 2865 uxor

176 2884 219 2932 53.
235 2881 401 2931 ‘Novissime
426 2885 607 2947 calumniatos,
632 2886 709 2936 modo
749 2889 900 2939 Germanici
911 2891 1032 2952 Caesaris,
1048 2896 1181 2955 materque
1193 2892 1280 2941 Caesa·

175 2958 211 3007 ad
228 2965 340 3009 statuam
352 2958 710 3024 Angusti,modoadexerci·
748 2981 815 3029 rum,
826 2982 872 3016 seu
883 2966 1105 3017 Germanicorum.
1138 2966 1200 3015 Non
1210 2966 1280 3016 intra

175 3042 219 3099 tus
229 3036 369 3101 confugere
378 3039 454 3102 uelle,
464 3038 650 3089 Pandateriam
669 3056 708 3091 re·
748 3042 838 3105 populi
851 3049 897 3091 ant
908 3041 1001 3091 civium
1009 3041 1113 3090 modurn
1125 3055 1153 3089 se
1163 3042 1279 3091 contine·

176 3112 291 3175 legavit:
312 3112 515 3179 convitiantiqne
537 3117 640 3166 oculum
661 3131 709 3180 per
748 3117 794 3166 bat
809 3116 923 3181 foemina,
940 3117 1053 3182 alioquin
1070 3117 1175 3182 ingenio
1193 3116 1279 3182 ferox,

176 3189 356 3239 centurionem
393 3190 544 3241 verberibus
585 3194 707 3245 excussit.
748 3193 1278 3258 superbaetserritiiimpatiens,ipsado·

175 3266 276 3315 Rursus
298 3266 363 3318 mori
390 3267 477 3319 inedia
499 3268 638 3320 destinanti
661 3286 708 3335 per
746 3270 924 3331 minationem,
935 3275 964 3318 nt
973 3268 1022 3319 sibi
1037 3283 1068 3318 ac
1083 3268 1222 3333 majoribus
1233 3268 1279 3320 de·

175 3343 229 3394 rim
241 3358 287 3397 ore
299 3343 413 3394 deducto
428 3344 542 3396 infulciri
555 3347 640 3397 cibum
652 3348 707 3412 jus·
746 3345 838 3408 bitem,
859 3345 981 3394 ardenter
999 3343 1132 3407 cupiebat,
1150 3345 1211 3393 ntxa
1226 3346 1278 3393 vir·

174 3418 219 3468 sit.
245 3417 297 3469 Sed
311 3427 339 3470 et
350 3424 708 3489 perseverantem,atqneita
747 3428 815 3486 tute,
826 3421 972 3488 nobilitate,
989 3426 1081 3487 totque
1097 3418 1157 3469 tiliis
1168 3420 1278 3472 Cesari-

173 3494 319 3546 absnmtam
339 3495 544 3547 criminosissime
564 3499 706 3549 insectatus
746 3499 805 3551 bus.

174 3576 226 3632 est,
238 3584 296 3619 cnm
315 3571 383 3620 diem
397 3586 499 3637 quoque
519 3573 630 3623 natalem
648 3574 705 3639 ejus
772 3574 790 3634 '¹
801 3576 891 3625 Eodem
903 3575 952 3639 die]
968 3574 1011 3626 Sic
1030 3574 1113 3625 molta
1130 3590 1200 3639 saepe
1219 3588 1278 3625 eve·

172 3644 362 3697 internet'astos
374 3646 705 3702 referendumcensuisset.’
745 3650 820 3699 ninnt
837 3666 900 3700 casu
919 3648 1037 3713 fortuito,
1054 3650 1128 3715 qnasi
1147 3649 1277 3714 sapientia

164 3722 169 3730 ’
209 3720 221 3755 ²
236 3722 311 3788 AEqui
326 3723 462 3788 impulisse]
477 3723 520 3774 Sic
533 3725 594 3774 aiibi
605 3727 706 3775 telema-
746 3727 832 3792 aliona
842 3728 986 3778 ordinante.
1010 3726 1276 3789 Plut.l.vr11.8ym·

170 3799 199 3848 di
215 3800 302 3859 meta,
313 3800 387 3864 quasi
403 3799 502 3850 (ficeret
513 3801 616 3867 obsequii
633 3804 707 3866 impe·
744 3818 806 3867 pos.⁴
818 3803 826 3830 ⁴
838 3804 900 3853 Non
911 3804 978 3852 maie
990 3803 1046 3866 jam
1057 3801 1091 3851 de
1101 3801 1207 3851 fortuna
1216 3815 1276 3872 pro·

170 3876 244 3937 tiens,
254 3874 402 3924 dominandi
424 3876 510 3941 avida,
527 3884 556 3926 ot
574 3878 623 3942 ipsi
643 3879 704 3929 aiibi
744 3878 884 3941 nuntiavit,
896 3893 953 3936 eam
972 3892 1031 3927 cum
1052 3892 1067 3926 a
1085 3877 1213 3941 sapientia
1224 3875 1276 3926 dit·

170 3952 342 4014 exprobrarit
359 3951 480 4003 Tiberius
496 3954 592 4005 Graeco
611 3969 703 4016 rersn3
744 3950 813 4002 ferat
822 3953 968 4016 plurimum,
988 3953 1117 4015 permulta
1127 3952 1202 4016 hujus
1212 3967 1274 4017 ope·

168 4027 280 4076 ‘Sinon
292 4027 440 4090 dominaris,
451 4027 537 4092 filiola,
549 4030 704 4094 injuriamte
744 4043 801 4077 rnm
822 4028 914 4078 similia
934 4027 1031 4078 facore.
1066 4028 1167 4077 Montio
1192 4027 1273 4081 etiam

169 4103 294 4167 accipere
305 4104 453 4154 existimas)
476 4107 703 4158 Sueton.'1ib.53.
743 4103 816 4155 tacta
833 4110 875 4154 est
892 4105 966 4168 hujus
984 4103 1031 4166 rei,
1042 4104 1111 4169 qnod
1122 4103 1273 4169 Alexander

204 4179 279 4244 AEqei
295 4181 616 4248 impotiem11dest,plas
633 4201 704 4249 quam
744 4184 855 4247 Magnus
884 4188 912 4232 et
933 4182 1067 4246 Diogenes
1088 4183 1204 4247 Cynicos
1226 4185 1272 4240 iile

166 4256 252 4312 sieilia
260 4255 369 4321 agitabat
374 4272 385 4318 ,·
401 4272 451 4310 nec
470 4257 516 4309 abs
539 4266 626 4329 [εμπ
643 4275 700 4330 quse
728 4272 794 4311 >una
815 4256 958 4330 eademque
977 4257 1021 4308 die
1039 4272 1054 4309 ε
1072 4258 1137 4310 rlvis
1155 4273 1273 4331 excesse-
1295 4305 1298 4310 .
