3075 4917
183 403 322 468 acm]
551 395 757 451 turanum
782 400 855 450 uro.
879 403 923 453 u.¹
1221 389 1285 455 887

186 541 289 607 ictum
301 541 396 606 venis
409 542 530 621 intulit,
544 543 714 625 vitamque
738 542 933 624 aegritudine
955 544 1058 608 animi
1077 543 1203 624 finivit„
1239 544 1288 611 At

186 643 406 727 Pomponius,
420 644 527 709 multa
540 662 670 708 ntorum
687 642 853 725 elegantia
866 648 900 707 et
912 646 1044 727 ingenio
1058 646 1191 722 illustri,
1207 647 1286 712 (lum

187 743 361 810 adversam
375 745 540 810 fortunam
554 764 670 829 aequus
684 746 814 823 tolerat,
829 745 966 810 Tiberio
980 754 1153 830 superstes
1167 748 1240 813 fuit.

229 848 262 912 9.
294 845 458 912 Placitum
472 847 628 931 posthac,
661 852 671 881 ‘
687 849 774 911 utin
788 849 946 930 reliquos¹
961 850 1077 933 Sejani
1091 850 1212 914 liberos
1226 850 1286 914 ad·

187 947 385 1028 verteretn13’
398 953 594 1013 vanescente
604 966 795 1030 quanquam
804 949 912 1032 plebis
924 951 986 1026 ira,
998 969 1038 1014 ac
1046 952 1211 1036 plerisque
1225 971 1287 1034 per

185 1050 296 1132 priora
309 1050 477 1133 supplicia
489 1049 610 1115 lenitis.
653 1047 759 1131 Igitur
771 1055 942 1132 portantur
957 1053 992 1114 in
1005 1071 1182 1130 carcerem,
1194 1053 1284 1119 filius

185 1151 425 1215 imminentium
434 1151 627 1232 intelligens,
637 1149 753 1232 puella
761 1149 848 1213 adeo
861 1153 1001 1229 nescia,5
1014 1159 1051 1218 ut
1062 1155 1177 1221 crebro
1188 1156 1284 1218 inter·

186 1257 325 1334 rogaret,
350 1252 464 1335 ‘quod
478 1253 523 1316 ob
538 1251 705 1328 delictum,
721 1256 755 1315 et
768 1271 838 1336 quo
853 1253 1060 1317 trahereturl
1082 1274 1189 1337 neque
1217 1240 1288 1320 lac·

187 1357 293 1416 turam
307 1353 391 1418 ultra
404 1352 423 1416 ι’
445 1358 490 1431 et,
506 1357 516 1387 ‘
530 1372 631 1436 posse
640 1373 677 1418 se
689 1354 809 1436 puerili
823 1356 958 1421 verbere
969 1354 1114 1419 moneri!
1136 1348 1287 1422 Tradunt

187 1454 346 1538 temporis
362 1455 435 1538 ejus
450 1460 613 1531 auctores,
639 1454 761 1538 ‘quia'
773 1452 984 1520 Triumvirali
1006 1456 1173 1540 supplicio
1197 1455 1287 1521 affici

186 1556 368 1639 virginem,¹
388 1555 572 1620 inauditnm
584 1555 781 1631 habebatur,
803 1556 1002 1636 acamifice,
1012 1558 1170 1640 laqueum·
1175 1557 1286 1642 juxta,

186 1733 230 1769 ress
239 1719 305 1768 aenis
315 1719 417 1783 inflixit,
427 1725 450 1768 et
462 1719 581 1781 carpemus
596 1720 668 1770 tauta
682 1726 784 1769 mortem
797 1720 865 1770 oliit.
898 1722 947 1771 Seri
958 1723 1101 1785 Pomponius
1118 1722 1221 1785 plurima
1232 1734 1287 1769 ssu·

186 1783 368 1896 merorem,
378 1790 409 1859 ,et
420 1785 517 1846 ingestio
532 1784 624 1849 celebri,
632 1784 819 1844 dsmfortuttam
837 1786 1005 1850 improsperom
1015 1800 1080 1848 sequa
1090 1786 1168 1834 urimo
1178 1785 1287 1848 suatim,
1348 1794 1351 1800 “

269 1862 318 1896 usu
405 1848 431 1897 Ἰ.

219 1862 447 1973 aramme,
457 1917 487 1960 ut
497 1911 524 1960 in
536 1917 649 1961 ceteram
661 1912 748 1976 Sejaui
758 1910 877 1961 'sobolem
899 1912 1148 1962 animadverteretur
1158 1927 1165 1970 ;
1182 1910 1288 1974 quumvis

184 1976 316 2023 maeste
325 1976 379 2035 jam
398 1975 562 2037 indignatione
571 1976 647 2038 tulgi,
657 1982 681 2024 et
693 1976 775 2026 maltis
783 1991 826 2038 per
841 1977 921 2039 primu
930 1977 1046 2040 supplicio
1059 1976 1168 2039 placatis.
1204 1977 1287 2037 ltaque

185 2039 312 2100 repleretur
322 2040 495 2102 incustoditae,
503 2040 574 2105 fliius
590 2040 774 2103 impendentium
791 2041 917 2090 melorum
933 2055 1032 2102 grrcrrrs,
1047 2041 1106 2104 Jltio
1124 2041 1181 2088 odeo
1199 2039 1286 2100 inscio,

187 2107 214 2150 et
222 2102 481 2166 idemidemquoereret,
488 2119 564 2167 quern
576 2105 609 2153 ob
618 2105 729 2167 culpam,
739 2111 767 2152 et
777 2118 827 2167 quo
837 2105 989 2166 raperetur?
1001 2104 1093 2167 Neque
1105 2117 1133 2153 se
1140 2102 1289 2152 commissu·

188 2181 241 2214 rem
254 2168 374 2230 emplius,
385 2174 413 2216 et
424 2183 500 2231 posse
517 2184 544 2217 se
564 2168 657 2232 puerili
675 2166 758 2230 tlegro
777 2168 882 2230 corripi.
900 2169 1035 2219 Memorem
1045 2168 1093 2228 ejus
1101 2170 1146 2215 aeot'
1153 2170 1288 2230 πήρωμα,

187 2230 248 2294 qnia
256 2245 326 2280 more
343 2232 440 2281 tradito
451 2230 525 2281 nefas
536 2240 593 2282 erat
604 2233 717 2295 puellam
728 2246 776 2296 per
787 2232 932 2281 triumviros
945 2232 1070 2295 capitales
1082 2229 1203 2293 interfici,
1214 2230 1286 2301 prius
1344 2268 1346 2273 .

684 2376 794 2428 NOTAE

219 2480 233 2506 ¹
248 2474 280 2523 Irt
289 2475 401 2540 reliquos]
427 2474 469 2526 An
480 2474 559 2525 liberi
578 2473 658 2539 aliqui
673 2477 717 2523 sen
759 2475 925 2538 strangulari,
936 2474 1035 2525 vitiatae
1046 2475 1118 2539 prius
1130 2488 1146 2522 s
1156 2470 1287 2534 carnifice,

183 2549 240 2613 jani
251 2551 307 2613 jam
324 2552 409 2614 puniti
424 2552 514 2601 erent?
534 2551 660 2615 suspicari
673 2565 717 2599 an·
758 2550 818 2600 dein
835 2554 1002 2614 strangulatae
1011 2557 1027 2611 ς’
1043 2552 1111 2616 qnod
1130 2565 1180 2600 uuo
1191 2552 1248 2599 loeo
1260 2555 1288 2598 et

187 2625 260 2675 (leam
275 2641 323 2690 per
334 2626 482 2691 atratum,
498 2627 595 2676 debere
607 2626 717 2690 intelligi
757 2627 838 2675 semel
858 2629 1009 2676 memorarit
1027 2626 1182 2685 Suetonius;
1208 2625 1289 2674 semel

186 2701 282 2751 liberos
300 2691 347 2767 qui
363 2704 518 2767 superstites
536 2707 624 2770 esseut
642 2702 719 2763 patri,
757 2708 786 2751 et
799 2702 860 2764 Dio,
870 2703 913 2765 qui
925 2717 975 2751 non
987 2702 1013 2750 id
1029 2702 1205 2763 reticuissent,
1215 2701 1237 2749 si
1249 2700 1288 2751 bis

187 2786 233 2826 sen
244 2780 316 2828 casui
327 2784 356 2828 et
364 2779 445 2828 exitio
460 2778 543 2826 illius:
566 2785 595 2826 et
604 2774 718 2840 spicata
756 2778 785 2827 in
795 2778 883 2841 sejani
893 2778 986 2828 liberos
996 2778 1114 2827 saevitum
1126 2783 1206 2827 esset.

187 2869 253 2903 uxor
263 2855 350 2920 sejani
369 2855 484 2904 ordinem
501 2853 608 2903 sceleris
618 2866 665 2902 sen
677 2867 719 2902 re·
790 2862 802 2896 5
817 2854 1071 2917 Pselloudeoseseis}
1090 2854 1140 2903 llls
1153 2854 1219 2917 ipsa,
1229 2868 1288 2917 que

186 2931 249 2981 neni
271 2933 360 2981 Druso
381 2930 514 2995 propinati
535 2934 718 2983 tumtsutunr
757 2929 1034 2992 sponsaClsurliitilio‚
1047 2928 1297 2979 ntlricnotstDio..

188 3007 299 3071 aperuit,
310 3022 368 3057 cnm
387 3008 454 3057 tratri
465 3006 531 3056 filios
544 3020 605 3055 suos
614 3006 647 3054 ad
659 3019 718 3068 sup·
756 3004 862 3068 Lipsius.
1125 3038 1128 3045 .
1178 3022 1184 3027 ·
1278 3038 1281 3047 .

187 3084 295 3148 pliciom
305 3084 422 3149 vidisset3
432 3085 500 3149 qnod
509 3084 599 3147 semel,
606 3090 635 3133 nt
642 3089 719 3147 puto,
790 3088 800 3111 ¹
813 3079 966 3129 Triumuirati
973 3079 1154 3143 supplicioqffici
1161 3078 1288 3140 uirginem]

102 3167 111 3175 ’
188 3167 323 3225 peractum
333 3168 384 3210 est.
707 3200 711 3207 .
756 3154 904 3216 Triumviri,
914 3154 958 3218 qui
968 3153 1141 3216 aliasjudices
1151 3150 1288 3214 capitales,

201 3285 207 3291 ,
221 3238 258 3287 Et
269 3251 327 3287 cum
337 3237 410 3287 addit
420 3237 543 3289 Tacitus:
563 3236 572 3264 ‘
584 3239 719 3299 portantur
758 3245 862 3294 prorsus
872 3230 950 3279 iidem
962 3230 1062 3289 Romae,
1073 3229 1116 3291 qui
1125 3225 1290 3281 Undecimri-

182 3313 216 3375 ¹in
238 3326 369 3363 carcerem
388 3312 466 3375 filius,
482 3302 532 3363 erc.
550 3310 636 3375 puelle
652 3310 718 3359 adeo
758 3307 781 3354 ri
802 3304 927 3355 Athenis:
953 3317 1044 3351 urunus
1065 3316 1153 3362 eorum
1178 3315 1290 3364 praeesse

187 3389 276 3438 nescia
285 3389 302 3450 ς’
320 3390 393 3454 quasi
404 3389 438 3438 de
448 3389 524 3438 unico
534 3386 596 3450 tilio,
606 3393 635 3437 et
643 3386 720 3435 unica
757 3380 866 3440 carceri,
887 3379 979 3442 punire
1002 3377 1155 3438 damnatos3
1176 3379 1290 3442 itemque

189 3464 277 3528 puella
288 3465 390 3523 uidetur
401 3463 556 3527 intelligere,
567 3476 626 3526 quse
640 3460 719 3510 desti·
758 3470 915 3521 cognoscere
926 3455 960 3503 de
971 3452 1048 3503 furtis
1058 3452 1227 3516 admissisque
1237 3464 1291 3501 ser·

188 3546 253 3588 nats
278 3538 405 3603 quondam
433 3538 487 3587 tilio
515 3536 618 3587 claudit
645 3549 717 3585 uxor.
758 3546 857 3593 vorum,
877 3536 922 3579 aut
942 3526 1068 3591 ejusmodi
1092 3526 1290 3591 viliornmcepi·

187 3611 259 3662 Ante
268 3628 348 3663 annos
360 3620 420 3663 octo
440 3614 526 3677 ejects
544 3611 719 3676 domoSejani
758 3603 1158 3669 tum,adMaerrismcolumoom.
1280 3650 1283 3657 ‚

187 3689 312 3753 Apicata,
319 3691 407 3755 sicque
415 3689 454 3740 illi
464 3689 539 3738 liberi
549 3688 662 3738 nondum
673 3702 719 3750 pu·
793 3681 868 3734 Quod
880 3680 948 3728 idem
959 3679 986 3727 in
997 3677 1196 3726 Atheniensibus
1209 3674 1291 3725 fuisse

187 3767 317 3815 bertatem
337 3766 445 3830 ingressi
460 3762 543 3827 erint,
560 3763 630 3813 tilius
645 3777 720 3827 gran·
759 3759 832 3808 disco
844 3756 986 3807 esSuida:
1005 3751 1200 3801 ‘Undecimriri
1210 3748 1291 3807 Athe,-

188 3840 257 3901 dior,
268 3847 440 3904 praetextstns
451 3846 546 3889 tamen.
758 3835 798 3884 nis
807 3841 867 3882 suut
875 3831 1039 3894 magistratus
1046 3828 1183 3891 quicuraur
1192 3826 1291 3875 liabent

222 3914 299 3965 Hane
314 3915 498 3979 suppliciorum
513 3920 625 3978 stragem
637 3911 720 3962 refert
759 3925 848 3959 eornm
868 3907 912 3972 qui
923 3904 1037 3955 damnati
1056 3909 1125 3963 sunt,
1140 3902 1292 3967 incarcere,

186 3989 296 4040 Sueten,
315 3991 372 4040 tib.
392 3994 433 4039 or.
461 3989 584 4053 ‘Viginti
603 4003 654 4037 uuo
676 3987 719 4037 die
760 3974 1313 4046 adquosduoebsnturfuresetplagiarii!‚

166 4083 170 4091 ·
187 4062 286 4129 abjecti
295 4067 425 4131 tractique
435 4073 503 4127 sunt,
514 4066 635 4116 intereos
646 4066 718 4129 pueri
759 4063 818 4111 Nec
826 4057 925 4120 ambigo
936 4054 997 4119 quin
1012 4053 1133 4105 Romanis
1143 4054 1291 4119 exemplum

182 4139 350 4207 effemine-
384 4142 533 4195 Inmaturae
546 4141 721 4206 puellae,qnia
759 4135 829 4185 inde.
1280 4170 1282 4175 .

186 4231 262 4271 more
284 4217 382 4271 tradito
413 4216 486 4279 nefas
507 4223 579 4271 esset
605 4216 720 4282 virgines
792 4209 844 4263 Seri
862 4221 918 4270 cur,
936 4206 984 4271 ait,
1001 4204 1147 4259 mentitum
1165 4205 1292 4272 virginem
