<?xml version="1.0" encoding="UTF-8"?>
<!DOCTYPE html PUBLIC "-//W3C//DTD XHTML 1.0 Transitional//EN"
    "http://www.w3.org/TR/xhtml1/DTD/xhtml1-transitional.dtd">
<html xmlns="http://www.w3.org/1999/xhtml" xml:lang="en" lang="en">
 <head>
  <title>
</title>
<meta http-equiv="Content-Type" content="text/html;charset=utf-8" />
  <meta name='ocr-system' content='tesseract 3.04.00' />
  <meta name='ocr-capabilities' content='ocr_page ocr_carea ocr_par ocr_line ocrx_word'/>
</head>
<body>
  <div class='ocr_page' id='page_1' title='image "./operaomnia03tacigoog_0037.png"; bbox 0 0 3075 4917; ppageno 0'>
   <div class='ocr_carea' id='block_1_1' title="bbox 197 384 1299 461">
    <p class='ocr_par' dir='ltr' id='par_1_1' title="bbox 197 384 1299 461">
     <span class='ocr_line' id='line_1_1' title="bbox 197 384 1299 461; baseline -0.014 -12"><span class='ocrx_word' id='word_1_1' title='bbox 197 397 225 450; x_wconf 73' lang='lat' dir='ltr'><strong>J.</strong></span> <span class='ocrx_word' id='word_1_2' title='bbox 238 398 270 449; x_wconf 81' lang='lat' dir='ltr'><strong>C.</strong></span> <span class='ocrx_word' id='word_1_3' title='bbox 281 398 335 461; x_wconf 62' lang='grc' dir='ltr'><strong>Ἀ]</strong></span> <span class='ocrx_word' id='word_1_4' title='bbox 556 387 767 446; x_wconf 66' lang='grc' dir='ltr'><strong>ᾸΝΝΑΙΛυΜ</strong></span> <span class='ocrx_word' id='word_1_5' title='bbox 793 392 867 446; x_wconf 80' lang='lat' dir='ltr'><strong>LIB.</strong></span> <span class='ocrx_word' id='word_1_6' title='bbox 891 397 941 446; x_wconf 79' lang='lat' dir='ltr'><strong>lv.</strong></span> <span class='ocrx_word' id='word_1_7' title='bbox 1230 384 1299 452; x_wconf 66' lang='lat' dir='ltr'><strong>ffil</strong></span> 
     </span>
    </p>
   </div>
   <div class='ocr_carea' id='block_1_2' title="bbox 194 535 1331 1321">
    <p class='ocr_par' dir='ltr' id='par_1_2' title="bbox 194 535 1331 1321">
     <span class='ocr_line' id='line_1_2' title="bbox 194 535 1292 621; baseline 0.007 -22"><span class='ocrx_word' id='word_1_8' title='bbox 194 537 292 613; x_wconf 73' lang='lat' dir='ltr'><strong>aliuS,</strong></span> <span class='ocrx_word' id='word_1_9' title='bbox 315 537 458 617; x_wconf 83' lang='lat' dir='ltr'><strong>regimen</strong></span> <span class='ocrx_word' id='word_1_10' title='bbox 480 535 708 617; x_wconf 79' lang='lat' dir='ltr'><strong>susciperent,&#39;</strong></span> <span class='ocrx_word' id='word_1_11' title='bbox 731 558 809 602; x_wconf 89' lang='lat' dir='ltr'><strong>vero</strong></span> <span class='ocrx_word' id='word_1_12' title='bbox 834 557 967 621; x_wconf 87' lang='lat' dir='ltr'><strong>quoque</strong></span> <span class='ocrx_word' id='word_1_13' title='bbox 989 547 1022 603; x_wconf 88' lang='lat' dir='ltr'><strong>et</strong></span> <span class='ocrx_word' id='word_1_14' title='bbox 1043 540 1179 605; x_wconf 87' lang='lat' dir='ltr'><strong>honesto</strong></span> <span class='ocrx_word' id='word_1_15' title='bbox 1194 537 1292 607; x_wconf 87' lang='lat' dir='ltr'><strong>fidem</strong></span> 
     </span>
     <span class='ocr_line' id='line_1_3' title="bbox 197 636 1292 721; baseline 0.006 -22"><span class='ocrx_word' id='word_1_16' title='bbox 197 636 339 700; x_wconf 84' lang='lat' dir='ltr'><strong>demsit.c</strong></span> <span class='ocrx_word' id='word_1_17' title='bbox 398 636 570 699; x_wconf 81' lang='lat' dir='ltr'><strong>Memoriae</strong></span> <span class='ocrx_word' id='word_1_18' title='bbox 600 637 702 700; x_wconf 86' lang='lat' dir='ltr'>Drusi</span> <span class='ocrx_word' id='word_1_19' title='bbox 732 639 858 714; x_wconf 85' lang='lat' dir='ltr'><strong>eadem,</strong></span> <span class='ocrx_word' id='word_1_20' title='bbox 885 658 960 721; x_wconf 86' lang='lat' dir='ltr'><strong>quae</strong></span> <span class='ocrx_word' id='word_1_21' title='bbox 988 640 1021 702; x_wconf 89' lang='lat' dir='ltr'><strong>in</strong></span> <span class='ocrx_word' id='word_1_22' title='bbox 1047 638 1292 721; x_wconf 82' lang='lat' dir='ltr'><strong>Germanicum,</strong></span> 
     </span>
     <span class='ocr_line' id='line_1_4' title="bbox 197 736 1331 824; baseline 0.005 -24"><span class='ocrx_word' id='word_1_23' title='bbox 197 737 424 814; x_wconf 81' lang='lat' dir='ltr'><strong>decernuntur,</strong></span> <span class='ocrx_word' id='word_1_24' title='bbox 458 736 624 819; x_wconf 88' lang='lat' dir='ltr'><strong>plerisque</strong></span> <span class='ocrx_word' id='word_1_25' title='bbox 655 738 788 815; x_wconf 89' lang='lat' dir='ltr'><strong>additis,</strong></span> <span class='ocrx_word' id='word_1_26' title='bbox 822 745 858 802; x_wconf 88' lang='lat' dir='ltr'><strong>ut</strong></span> <span class='ocrx_word' id='word_1_27' title='bbox 887 741 987 803; x_wconf 84' lang='lat' dir='ltr'><strong>senne</strong></span> <span class='ocrx_word' id='word_1_28' title='bbox 1018 747 1106 805; x_wconf 85' lang='lat' dir='ltr'><strong>amat</strong></span> <span class='ocrx_word' id='word_1_29' title='bbox 1130 746 1295 824; x_wconf 74' lang='lat' dir='ltr'><strong>posterior</strong></span> <span class='ocrx_word' id='word_1_30' title='bbox 1325 775 1331 806; x_wconf 74' lang='grc' dir='ltr'><em>ι</em></span> 
     </span>
     <span class='ocr_line' id='line_1_5' title="bbox 197 828 1292 923; baseline 0.006 -23"><span class='ocrx_word' id='word_1_31' title='bbox 197 837 354 901; x_wconf 79' lang='lat' dir='ltr'><strong>adulatio.</strong></span> <span class='ocrx_word' id='word_1_32' title='bbox 401 837 514 900; x_wconf 88' lang='lat' dir='ltr'><strong>Funus</strong></span> <span class='ocrx_word' id='word_1_33' title='bbox 538 837 718 918; x_wconf 76' lang='lat' dir='ltr'>imaginum</span> <span class='ocrx_word' id='word_1_34' title='bbox 745 859 871 921; x_wconf 87' lang='lat' dir='ltr'><strong>pompa</strong></span> <span class='ocrx_word' id='word_1_35' title='bbox 899 828 1044 905; x_wconf 81' lang='lat' dir='ltr'><strong>maxime</strong></span> <span class='ocrx_word' id='word_1_36' title='bbox 1070 844 1196 906; x_wconf 89' lang='lat' dir='ltr'><strong>illustre</strong></span> <span class='ocrx_word' id='word_1_37' title='bbox 1218 845 1292 923; x_wconf 88' lang='lat' dir='ltr'><strong>fuit,</strong></span> 
     </span>
     <span class='ocr_line' id='line_1_6' title="bbox 197 935 1307 1025; baseline 0.007 -25"><span class='ocrx_word' id='word_1_38' title='bbox 197 956 273 1000; x_wconf 87' lang='lat' dir='ltr'><strong>oum</strong></span> <span class='ocrx_word' id='word_1_39' title='bbox 302 939 394 1017; x_wconf 88' lang='lat' dir='ltr'><strong>origo</strong></span> <span class='ocrx_word' id='word_1_40' title='bbox 420 935 521 999; x_wconf 84' lang='lat' dir='ltr'><strong>Juliae</strong></span> <span class='ocrx_word' id='word_1_41' title='bbox 549 940 664 1017; x_wconf 80' lang='lat' dir='ltr'><strong>gentis,</strong></span> <span class='ocrx_word' id='word_1_42' title='bbox 704 939 841 1016; x_wconf 87' lang='lat' dir='ltr'><strong>AEneas,</strong></span> <span class='ocrx_word' id='word_1_43' title='bbox 871 961 1050 1025; x_wconf 89' lang='lat' dir='ltr'><strong>omnesque</strong></span> <span class='ocrx_word' id='word_1_44' title='bbox 1074 943 1307 1007; x_wconf 50' lang='lat' dir='ltr'><strong>Albanorum¹³⁴¹</strong></span> 
     </span>
     <span class='ocr_line' id='line_1_7' title="bbox 197 1037 1292 1122; baseline 0.006 -22"><span class='ocrx_word' id='word_1_45' title='bbox 197 1037 320 1120; x_wconf 80' lang='lat' dir='ltr'><strong>Reges,</strong></span> <span class='ocrx_word' id='word_1_46' title='bbox 343 1045 376 1100; x_wconf 91' lang='lat' dir='ltr'><strong>et</strong></span> <span class='ocrx_word' id='word_1_47' title='bbox 396 1037 544 1101; x_wconf 87' lang='lat' dir='ltr'><strong>conditor</strong></span> <span class='ocrx_word' id='word_1_48' title='bbox 559 1037 650 1101; x_wconf 86' lang='lat' dir='ltr'><strong>urbis</strong></span> <span class='ocrx_word' id='word_1_49' title='bbox 667 1038 840 1113; x_wconf 79' lang='lat' dir='ltr'><strong>Romulus,</strong></span> <span class='ocrx_word' id='word_1_50' title='bbox 864 1048 941 1122; x_wconf 87' lang='lat' dir='ltr'><strong>post</strong></span> <span class='ocrx_word' id='word_1_51' title='bbox 964 1042 1088 1105; x_wconf 82' lang='lat' dir='ltr'><strong>Sabina</strong></span> <span class='ocrx_word' id='word_1_52' title='bbox 1107 1041 1292 1121; x_wconf 62' lang='lat' dir='ltr'><strong>nobilitas‘l</strong></span> 
     </span>
     <span class='ocr_line' id='line_1_8' title="bbox 196 1137 1291 1225; baseline 0.006 -23"><span class='ocrx_word' id='word_1_53' title='bbox 196 1137 309 1203; x_wconf 84' lang='lat' dir='ltr'><strong>Attus¹</strong></span> <span class='ocrx_word' id='word_1_54' title='bbox 327 1138 481 1213; x_wconf 63' lang='lat' dir='ltr'><strong>Clausus</strong></span> <span class='ocrx_word' id='word_1_55' title='bbox 505 1143 686 1221; x_wconf 67' lang='lat' dir='ltr'><strong>ceteraeque</strong></span> <span class='ocrx_word' id='word_1_56' title='bbox 703 1138 920 1203; x_wconf 82' lang='lat' dir='ltr'><strong>Claudiorum</strong></span> <span class='ocrx_word' id='word_1_57' title='bbox 934 1142 1069 1223; x_wconf 87' lang='lat' dir='ltr'><strong>effigies,</strong></span> <span class='ocrx_word' id='word_1_58' title='bbox 1092 1145 1188 1225; x_wconf 84' lang='lat' dir='ltr'><strong>longo</strong></span> <span class='ocrx_word' id='word_1_59' title='bbox 1204 1145 1291 1209; x_wconf 90' lang='lat' dir='ltr'><strong>ordi-</strong></span> 
     </span>
     <span class='ocr_line' id='line_1_9' title="bbox 194 1245 485 1321; baseline -0.007 -19"><span class='ocrx_word' id='word_1_60' title='bbox 194 1258 235 1302; x_wconf 90' lang='lat' dir='ltr'><strong>ne</strong></span> <span class='ocrx_word' id='word_1_61' title='bbox 250 1245 485 1321; x_wconf 78' lang='lat' dir='ltr'><strong>spectarentur.</strong></span> 
     </span>
    </p>
   </div>
   <div class='ocr_carea' id='block_1_3' title="bbox 191 1418 1360 1853">
    <p class='ocr_par' dir='ltr' id='par_1_3' title="bbox 191 1418 1360 1853">
     <span class='ocr_line' id='line_1_10' title="bbox 194 1418 1290 1489; baseline 0.008 -23"><span class='ocrx_word' id='word_1_62' title='bbox 194 1420 321 1482; x_wconf 78' lang='lat' dir='ltr'><strong>eonsules,</strong></span> <span class='ocrx_word' id='word_1_63' title='bbox 328 1434 373 1467; x_wconf 90' lang='lat' dir='ltr'><strong>seu</strong></span> <span class='ocrx_word' id='word_1_64' title='bbox 382 1418 508 1483; x_wconf 83' lang='lat' dir='ltr'><strong>quispiam</strong></span> <span class='ocrx_word' id='word_1_65' title='bbox 517 1418 580 1467; x_wconf 86' lang='lat' dir='ltr'><strong>alius</strong></span> <span class='ocrx_word' id='word_1_66' title='bbox 587 1420 721 1483; x_wconf 88' lang='lat' dir='ltr'><strong>imperium</strong></span> <span class='ocrx_word' id='word_1_67' title='bbox 731 1430 907 1486; x_wconf 86' lang='lat' dir='ltr'><strong>capesserent,</strong></span> <span class='ocrx_word' id='word_1_68' title='bbox 915 1421 995 1487; x_wconf 53' lang='lat' dir='ltr'><strong>effecit</strong></span> <span class='ocrx_word' id='word_1_69' title='bbox 1003 1430 1031 1474; x_wconf 82' lang='lat' dir='ltr'><strong>at</strong></span> <span class='ocrx_word' id='word_1_70' title='bbox 1039 1426 1165 1489; x_wconf 76' lang='lat' dir='ltr'><strong>nequidem</strong></span> <span class='ocrx_word' id='word_1_71' title='bbox 1173 1428 1195 1474; x_wconf 82' lang='lat' dir='ltr'><strong>ei</strong></span> <span class='ocrx_word' id='word_1_72' title='bbox 1202 1429 1290 1476; x_wconf 81' lang='lat' dir='ltr'><strong>devere</strong></span> 
     </span>
     <span class='ocr_line' id='line_1_11' title="bbox 194 1483 1291 1552; baseline 0.008 -21"><span class='ocrx_word' id='word_1_73' title='bbox 194 1488 218 1531; x_wconf 82' lang='lat' dir='ltr'><strong>et</strong></span> <span class='ocrx_word' id='word_1_74' title='bbox 228 1483 323 1531; x_wconf 63' lang='lat' dir='ltr'><strong>bunede</strong></span> <span class='ocrx_word' id='word_1_75' title='bbox 332 1486 473 1546; x_wconf 72' lang='lat' dir='ltr'><strong>crederetur.</strong></span> <span class='ocrx_word' id='word_1_76' title='bbox 508 1484 599 1532; x_wconf 75' lang='lat' dir='ltr'><strong>Gtorroe</strong></span> <span class='ocrx_word' id='word_1_77' title='bbox 610 1486 686 1534; x_wconf 73' lang='lat' dir='ltr'><strong>Drusi</strong></span> <span class='ocrx_word' id='word_1_78' title='bbox 702 1487 790 1547; x_wconf 80' lang='lat' dir='ltr'><strong>eadem,</strong></span> <span class='ocrx_word' id='word_1_79' title='bbox 821 1503 858 1535; x_wconf 81' lang='lat' dir='ltr'><strong>rue</strong></span> <span class='ocrx_word' id='word_1_80' title='bbox 867 1490 893 1536; x_wconf 78' lang='lat' dir='ltr'><strong>iu</strong></span> <span class='ocrx_word' id='word_1_81' title='bbox 905 1488 1072 1538; x_wconf 72' lang='lat' dir='ltr'><strong>Germanicam</strong></span> <span class='ocrx_word' id='word_1_82' title='bbox 1088 1490 1196 1539; x_wconf 85' lang='lat' dir='ltr'><strong>decreta</strong></span> <span class='ocrx_word' id='word_1_83' title='bbox 1207 1498 1291 1552; x_wconf 86' lang='lat' dir='ltr'><strong>eraut,</strong></span> 
     </span>
     <span class='ocr_line' id='line_1_12' title="bbox 192 1504 1292 1615; baseline 0.007 -20"><span class='ocrx_word' id='word_1_84' title='bbox 192 1552 330 1595; x_wconf 82' lang='lat' dir='ltr'><strong>statuuntur</strong></span> <span class='ocrx_word' id='word_1_85' title='bbox 338 1565 348 1606; x_wconf 89' lang='lat'><strong>,·</strong></span> <span class='ocrx_word' id='word_1_86' title='bbox 363 1549 473 1610; x_wconf 80' lang='lat' dir='ltr'><strong>piurimis</strong></span> <span class='ocrx_word' id='word_1_87' title='bbox 488 1548 587 1607; x_wconf 79' lang='lat' dir='ltr'><strong>adiectis</strong></span> <span class='ocrx_word' id='word_1_88' title='bbox 602 1550 748 1612; x_wconf 78' lang='lat' dir='ltr'><strong>honoribus,</strong></span> <span class='ocrx_word' id='word_1_89' title='bbox 763 1504 851 1611; x_wconf 50' lang='lat' dir='ltr'><strong>atym</strong></span> <span class='ocrx_word' id='word_1_90' title='bbox 860 1554 918 1600; x_wconf 85' lang='lat' dir='ltr'><strong>solet</strong></span> <span class='ocrx_word' id='word_1_91' title='bbox 932 1558 1047 1615; x_wconf 79' lang='lat' dir='ltr'><strong>postrema</strong></span> <span class='ocrx_word' id='word_1_92' title='bbox 1057 1556 1191 1604; x_wconf 68' lang='lat' dir='ltr'><strong>amentatis.</strong></span> <span class='ocrx_word' id='word_1_93' title='bbox 1226 1557 1292 1603; x_wconf 70' lang='lat' dir='ltr'><strong>Eae·</strong></span> 
     </span>
     <span class='ocr_line' id='line_1_13' title="bbox 193 1612 1360 1692; baseline 0.008 -33"><span class='ocrx_word' id='word_1_94' title='bbox 193 1612 255 1673; x_wconf 80' lang='lat' dir='ltr'><strong>quise</strong></span> <span class='ocrx_word' id='word_1_95' title='bbox 271 1612 447 1660; x_wconf 75' lang='lat' dir='ltr'><strong>simulacrorum</strong></span> <span class='ocrx_word' id='word_1_96' title='bbox 456 1613 697 1674; x_wconf 72' lang='lat' dir='ltr'><strong>spectatutemaxime</strong></span> <span class='ocrx_word' id='word_1_97' title='bbox 707 1615 812 1676; x_wconf 70' lang='lat' dir='ltr'><strong>insignes</strong></span> <span class='ocrx_word' id='word_1_98' title='bbox 823 1615 903 1675; x_wconf 77' lang='lat' dir='ltr'><strong>sacre,</strong></span> <span class='ocrx_word' id='word_1_99' title='bbox 918 1632 970 1664; x_wconf 80' lang='lat' dir='ltr'><strong>eum</strong></span> <span class='ocrx_word' id='word_1_100' title='bbox 986 1621 1055 1678; x_wconf 79' lang='lat' dir='ltr'><strong>terga</strong></span> <span class='ocrx_word' id='word_1_101' title='bbox 1064 1634 1149 1692; x_wconf 82' lang='lat' dir='ltr'><strong>pompa</strong></span> <span class='ocrx_word' id='word_1_102' title='bbox 1159 1619 1290 1682; x_wconf 83' lang='lat' dir='ltr'><strong>conspice·</strong></span> <span class='ocrx_word' id='word_1_103' title='bbox 1355 1616 1360 1626; x_wconf 88' lang='lat'>&#39;</span> 
     </span>
     <span class='ocr_line' id='line_1_14' title="bbox 193 1676 1290 1745; baseline 0.006 -21"><span class='ocrx_word' id='word_1_104' title='bbox 193 1683 283 1725; x_wconf 85' lang='lat' dir='ltr'><strong>rentur</strong></span> <span class='ocrx_word' id='word_1_105' title='bbox 301 1681 383 1723; x_wconf 78' lang='lat' dir='ltr'><strong>uector</strong></span> <span class='ocrx_word' id='word_1_106' title='bbox 399 1676 473 1723; x_wconf 82' lang='lat' dir='ltr'><strong>Jatiae</strong></span> <span class='ocrx_word' id='word_1_107' title='bbox 490 1678 570 1737; x_wconf 76' lang='lat' dir='ltr'><strong>gentis</strong></span> <span class='ocrx_word' id='word_1_108' title='bbox 587 1679 687 1739; x_wconf 78' lang='lat' dir='ltr'><strong>AEseas,</strong></span> <span class='ocrx_word' id='word_1_109' title='bbox 701 1693 823 1741; x_wconf 63' lang='lat' dir='ltr'><strong>amneque</strong></span> <span class='ocrx_word' id='word_1_110' title='bbox 837 1681 979 1729; x_wconf 71' lang='lat' dir='ltr'><strong>Albanorum</strong></span> <span class='ocrx_word' id='word_1_111' title='bbox 995 1682 1122 1745; x_wconf 73' lang='lat' dir='ltr'><strong>principes,</strong></span> <span class='ocrx_word' id='word_1_112' title='bbox 1137 1688 1161 1731; x_wconf 85' lang='lat' dir='ltr'><strong>et</strong></span> <span class='ocrx_word' id='word_1_113' title='bbox 1173 1682 1290 1741; x_wconf 64' lang='lat' dir='ltr'><strong>summor</strong></span> 
     </span>
     <span class='ocr_line' id='line_1_15' title="bbox 191 1739 1289 1808; baseline 0.008 -22"><span class='ocrx_word' id='word_1_114' title='bbox 191 1739 299 1787; x_wconf 75' lang='lat' dir='ltr'><strong>civitatis</strong></span> <span class='ocrx_word' id='word_1_115' title='bbox 309 1739 432 1801; x_wconf 78' lang='lat' dir='ltr'><strong>Romulus,</strong></span> <span class='ocrx_word' id='word_1_116' title='bbox 443 1740 497 1788; x_wconf 84' lang='lat' dir='ltr'><strong>dein</strong></span> <span class='ocrx_word' id='word_1_117' title='bbox 508 1740 592 1788; x_wconf 80' lang='lat' dir='ltr'><strong>Sabini</strong></span> <span class='ocrx_word' id='word_1_118' title='bbox 599 1741 696 1803; x_wconf 77' lang='lat' dir='ltr'><strong>nobiles,</strong></span> <span class='ocrx_word' id='word_1_119' title='bbox 712 1743 787 1791; x_wconf 77' lang='lat' dir='ltr'><strong>Attus</strong></span> <span class='ocrx_word' id='word_1_120' title='bbox 798 1744 905 1805; x_wconf 69' lang='lat' dir='ltr'><strong>Clausae,</strong></span> <span class='ocrx_word' id='word_1_121' title='bbox 916 1749 938 1792; x_wconf 80' lang='lat' dir='ltr'><strong>et</strong></span> <span class='ocrx_word' id='word_1_122' title='bbox 948 1744 1001 1792; x_wconf 84' lang='lat' dir='ltr'><strong>‹diae</strong></span> <span class='ocrx_word' id='word_1_123' title='bbox 1014 1746 1166 1795; x_wconf 80' lang='lat' dir='ltr'><strong>Claudiorum</strong></span> <span class='ocrx_word' id='word_1_124' title='bbox 1174 1747 1289 1808; x_wconf 82' lang='lat' dir='ltr'><strong>imagines</strong></span> 
     </span>
     <span class='ocr_line' id='line_1_16' title="bbox 192 1804 571 1853; baseline 0.008 -3"><span class='ocrx_word' id='word_1_125' title='bbox 192 1805 316 1851; x_wconf 57' lang='lat' dir='ltr'><strong>&amp;amiate</strong></span> <span class='ocrx_word' id='word_1_126' title='bbox 324 1804 404 1852; x_wconf 83' lang='lat' dir='ltr'><strong>ordine</strong></span> <span class='ocrx_word' id='word_1_127' title='bbox 414 1807 571 1853; x_wconf 62' lang='lat' dir='ltr'><strong>caneertur.</strong></span> 
     </span>
    </p>
   </div>
   <div class='ocr_carea' id='block_1_4' title="bbox 646 1916 825 1940">
    <p class='ocr_par' dir='ltr' id='par_1_4' title="bbox 646 1916 825 1940">
     <span class='ocr_line' id='line_1_17' title="bbox 646 1916 825 1940; baseline 0.017 -5"><span class='ocrx_word' id='word_1_128' title='bbox 646 1916 675 1936; x_wconf 67' lang='lat'><strong>00</strong></span> <span class='ocrx_word' id='word_1_129' title='bbox 680 1917 825 1940; x_wconf 58' lang='grc' dir='ltr'><strong>ΙΙΝΟΟΙΟΟΟ</strong></span> 
     </span>
    </p>
   </div>
   <div class='ocr_carea' id='block_1_5' title="bbox 192 1999 1395 2137">
    <p class='ocr_par' dir='ltr' id='par_1_5' title="bbox 192 1999 1395 2137">
     <span class='ocr_line' id='line_1_18' title="bbox 224 1999 1395 2073; baseline 0.004 -22"><span class='ocrx_word' id='word_1_130' title='bbox 224 2007 238 2051; x_wconf 88' lang='lat' dir='ltr'><strong>l</strong></span> <span class='ocrx_word' id='word_1_131' title='bbox 257 2001 299 2052; x_wconf 84' lang='lat' dir='ltr'><strong>Sic</strong></span> <span class='ocrx_word' id='word_1_132' title='bbox 310 2004 361 2053; x_wconf 84' lang='lat' dir='ltr'><strong>Ma.</strong></span> <span class='ocrx_word' id='word_1_133' title='bbox 371 2005 441 2060; x_wconf 78' lang='lat' dir='ltr'><strong>Flor.</strong></span> <span class='ocrx_word' id='word_1_134' title='bbox 453 2004 570 2054; x_wconf 86' lang='lat' dir='ltr'><strong>Pirbena</strong></span> <span class='ocrx_word' id='word_1_135' title='bbox 580 2009 607 2053; x_wconf 89' lang='lat' dir='ltr'><strong>et</strong></span> <span class='ocrx_word' id='word_1_136' title='bbox 617 2004 785 2054; x_wconf 74' lang='lat' dir='ltr'><strong>recentiores.</strong></span> <span class='ocrx_word' id='word_1_137' title='bbox 817 2007 959 2057; x_wconf 79' lang='lat' dir='ltr'><strong>Beroaldus</strong></span> <span class='ocrx_word' id='word_1_138' title='bbox 970 2008 1063 2073; x_wconf 85' lang='lat' dir='ltr'><strong>aliique</strong></span> <span class='ocrx_word' id='word_1_139' title='bbox 1075 2013 1186 2070; x_wconf 81' lang='lat' dir='ltr'><strong>veteres,</strong></span> <span class='ocrx_word' id='word_1_140' title='bbox 1197 2008 1289 2070; x_wconf 78' lang='lat' dir='ltr'><strong>Appias</strong></span> <span class='ocrx_word' id='word_1_141' title='bbox 1389 1999 1395 2002; x_wconf 40' lang='grc'>“</span> 
     </span>
     <span class='ocr_line' id='line_1_19' title="bbox 192 2066 1289 2137; baseline 0.003 -20"><span class='ocrx_word' id='word_1_142' title='bbox 192 2066 301 2117; x_wconf 62' lang='lat' dir='ltr'><strong>Qus.</strong></span> <span class='ocrx_word' id='word_1_143' title='bbox 342 2068 417 2118; x_wconf 86' lang='lat' dir='ltr'><strong>Idem</strong></span> <span class='ocrx_word' id='word_1_144' title='bbox 432 2069 508 2118; x_wconf 76' lang='lat' dir='ltr'><strong>Attus</strong></span> <span class='ocrx_word' id='word_1_145' title='bbox 528 2069 627 2117; x_wconf 79' lang='lat' dir='ltr'><strong>Ctaesru</strong></span> <span class='ocrx_word' id='word_1_146' title='bbox 644 2069 670 2116; x_wconf 90' lang='lat' dir='ltr'><strong>in</strong></span> <span class='ocrx_word' id='word_1_147' title='bbox 691 2069 807 2132; x_wconf 87' lang='lat' dir='ltr'><strong>plurimis</strong></span> <span class='ocrx_word' id='word_1_148' title='bbox 825 2073 888 2121; x_wconf 80' lang='lat' dir='ltr'><strong>Mas.</strong></span> <span class='ocrx_word' id='word_1_149' title='bbox 902 2071 1040 2122; x_wconf 85' lang='lat' dir='ltr'><strong>Codicibus</strong></span> <span class='ocrx_word' id='word_1_150' title='bbox 1058 2073 1205 2137; x_wconf 84' lang='lat' dir='ltr'><strong>appellatur</strong></span> <span class='ocrx_word' id='word_1_151' title='bbox 1221 2072 1289 2121; x_wconf 81' lang='lat' dir='ltr'><strong>inira</strong></span> 
     </span>
    </p>
   </div>
   <div class='ocr_carea' id='block_1_6' title="bbox 691 2224 797 2277">
    <p class='ocr_par' dir='ltr' id='par_1_6' title="bbox 691 2224 797 2277">
     <span class='ocr_line' id='line_1_20' title="bbox 691 2224 797 2277; baseline 0.009 -1"><span class='ocrx_word' id='word_1_152' title='bbox 691 2224 797 2277; x_wconf 83' lang='lat' dir='ltr'><strong>NOTAE</strong></span> 
     </span>
    </p>
   </div>
   <div class='ocr_carea' id='block_1_7' title="bbox 120 2337 1346 4304">
    <p class='ocr_par' dir='ltr' id='par_1_7' title="bbox 184 2337 1290 2936">
     <span class='ocr_line' id='line_1_21' title="bbox 191 2337 1288 2406; baseline 0.007 -23"><span class='ocrx_word' id='word_1_153' title='bbox 191 2337 304 2400; x_wconf 85' lang='lat' dir='ltr'><strong>precari,</strong></span> <span class='ocrx_word' id='word_1_154' title='bbox 313 2344 342 2387; x_wconf 87' lang='lat' dir='ltr'><strong>et</strong></span> <span class='ocrx_word' id='word_1_155' title='bbox 356 2339 518 2389; x_wconf 84' lang='lat' dir='ltr'><strong>vacationem</strong></span> <span class='ocrx_word' id='word_1_156' title='bbox 535 2337 664 2403; x_wconf 83' lang='lat' dir='ltr'><strong>aRepnb.</strong></span> <span class='ocrx_word' id='word_1_157' title='bbox 677 2354 720 2402; x_wconf 91' lang='lat' dir='ltr'><strong>pe·</strong></span> <span class='ocrx_word' id='word_1_158' title='bbox 760 2341 859 2391; x_wconf 80' lang='lat' dir='ltr'><strong>civibus</strong></span> <span class='ocrx_word' id='word_1_159' title='bbox 870 2343 989 2405; x_wconf 88' lang='lat' dir='ltr'><strong>primum,</strong></span> <span class='ocrx_word' id='word_1_160' title='bbox 999 2337 1094 2392; x_wconf 81' lang='lat' dir='ltr'><strong>deinde</strong></span> <span class='ocrx_word' id='word_1_161' title='bbox 1105 2355 1163 2391; x_wconf 87' lang='lat' dir='ltr'><strong>eum</strong></span> <span class='ocrx_word' id='word_1_162' title='bbox 1176 2343 1288 2406; x_wconf 74' lang='lat' dir='ltr'><strong>collegis,</strong></span> 
     </span>
     <span class='ocr_line' id='line_1_22' title="bbox 191 2413 1288 2480; baseline 0.007 -21"><span class='ocrx_word' id='word_1_163' title='bbox 191 2417 257 2460; x_wconf 84' lang='lat' dir='ltr'><strong>tere.</strong></span> <span class='ocrx_word' id='word_1_164' title='bbox 290 2413 450 2479; x_wconf 85' lang='lat' dir='ltr'><strong>Omnisejus</strong></span> <span class='ocrx_word' id='word_1_165' title='bbox 461 2430 544 2468; x_wconf 86' lang='lat' dir='ltr'><strong>sermo</strong></span> <span class='ocrx_word' id='word_1_166' title='bbox 553 2417 586 2464; x_wconf 90' lang='lat' dir='ltr'><strong>ad</strong></span> <span class='ocrx_word' id='word_1_167' title='bbox 594 2416 643 2465; x_wconf 82' lang='lat' dir='ltr'><strong>boc</strong></span> <span class='ocrx_word' id='word_1_168' title='bbox 655 2430 721 2464; x_wconf 73' lang='lat' dir='ltr'><strong>aem·</strong></span> <span class='ocrx_word' id='word_1_169' title='bbox 759 2418 895 2467; x_wconf 85' lang='lat' dir='ltr'><strong>novissime</strong></span> <span class='ocrx_word' id='word_1_170' title='bbox 911 2434 968 2468; x_wconf 88' lang='lat' dir='ltr'><strong>enm</strong></span> <span class='ocrx_word' id='word_1_171' title='bbox 980 2417 1107 2480; x_wconf 83' lang='lat' dir='ltr'><strong>affinibus,</strong></span> <span class='ocrx_word' id='word_1_172' title='bbox 1125 2424 1230 2468; x_wconf 80' lang='lat' dir='ltr'><strong>coaetus</strong></span> <span class='ocrx_word' id='word_1_173' title='bbox 1248 2433 1288 2466; x_wconf 88' lang='lat' dir='ltr'><strong>ar·</strong></span> 
     </span>
     <span class='ocr_line' id='line_1_23' title="bbox 191 2489 1290 2556; baseline 0.005 -21"><span class='ocrx_word' id='word_1_174' title='bbox 191 2492 238 2549; x_wconf 78' lang='lat' dir='ltr'><strong>per</strong></span> <span class='ocrx_word' id='word_1_175' title='bbox 260 2489 391 2538; x_wconf 83' lang='lat' dir='ltr'><strong>revolutus</strong></span> <span class='ocrx_word' id='word_1_176' title='bbox 416 2496 464 2554; x_wconf 86' lang='lat' dir='ltr'><strong>est,</strong></span> <span class='ocrx_word' id='word_1_177' title='bbox 484 2498 513 2539; x_wconf 92' lang='lat' dir='ltr'><strong>nt</strong></span> <span class='ocrx_word' id='word_1_178' title='bbox 532 2491 581 2539; x_wconf 84' lang='lat' dir='ltr'><strong>sibi</strong></span> <span class='ocrx_word' id='word_1_179' title='bbox 602 2497 719 2554; x_wconf 79' lang='lat' dir='ltr'><strong>speraret</strong></span> <span class='ocrx_word' id='word_1_180' title='bbox 759 2491 807 2540; x_wconf 89' lang='lat' dir='ltr'><strong>mis</strong></span> <span class='ocrx_word' id='word_1_181' title='bbox 819 2493 969 2553; x_wconf 85' lang='lat' dir='ltr'><strong>decernere,</strong></span> <span class='ocrx_word' id='word_1_182' title='bbox 978 2494 1043 2541; x_wconf 88' lang='lat' dir='ltr'><strong>mari</strong></span> <span class='ocrx_word' id='word_1_183' title='bbox 1055 2493 1290 2556; x_wconf 86' lang='lat' dir='ltr'><strong>terraquesangui·</strong></span> 
     </span>
     <span class='ocr_line' id='line_1_24' title="bbox 190 2557 1287 2631; baseline 0.007 -22"><span class='ocrx_word' id='word_1_184' title='bbox 190 2562 280 2613; x_wconf 87' lang='lat' dir='ltr'><strong>otium.</strong></span> <span class='ocrx_word' id='word_1_185' title='bbox 314 2564 373 2613; x_wconf 85' lang='lat' dir='ltr'><strong>Hoc</strong></span> <span class='ocrx_word' id='word_1_186' title='bbox 395 2557 497 2615; x_wconf 80' lang='lat' dir='ltr'><strong>labores</strong></span> <span class='ocrx_word' id='word_1_187' title='bbox 518 2582 576 2616; x_wconf 87' lang='lat' dir='ltr'><strong>suos</strong></span> <span class='ocrx_word' id='word_1_188' title='bbox 599 2568 677 2616; x_wconf 86' lang='lat' dir='ltr'><strong>etiam</strong></span> <span class='ocrx_word' id='word_1_189' title='bbox 697 2566 718 2616; x_wconf 85' lang='lat' dir='ltr'><strong>si</strong></span> <span class='ocrx_word' id='word_1_190' title='bbox 759 2582 818 2616; x_wconf 89' lang='lat' dir='ltr'><strong>nem</strong></span> <span class='ocrx_word' id='word_1_191' title='bbox 835 2567 916 2628; x_wconf 84' lang='lat' dir='ltr'><strong>fudit;</strong></span> <span class='ocrx_word' id='word_1_192' title='bbox 945 2583 992 2631; x_wconf 89' lang='lat' dir='ltr'><strong>per</strong></span> <span class='ocrx_word' id='word_1_193' title='bbox 1012 2568 1203 2630; x_wconf 84' lang='lat' dir='ltr'><strong>Macedoniam,</strong></span> <span class='ocrx_word' id='word_1_194' title='bbox 1222 2568 1287 2617; x_wconf 88' lang='lat' dir='ltr'><strong>Sici·</strong></span> 
     </span>
     <span class='ocr_line' id='line_1_25' title="bbox 190 2629 1287 2708; baseline 0.005 -22"><span class='ocrx_word' id='word_1_195' title='bbox 190 2629 265 2700; x_wconf 81' lang='lat' dir='ltr'><strong>falso,</strong></span> <span class='ocrx_word' id='word_1_196' title='bbox 276 2639 346 2688; x_wconf 86' lang='lat' dir='ltr'><strong>dulei</strong></span> <span class='ocrx_word' id='word_1_197' title='bbox 359 2648 444 2691; x_wconf 86' lang='lat' dir='ltr'><strong>tamen</strong></span> <span class='ocrx_word' id='word_1_198' title='bbox 454 2643 602 2692; x_wconf 86' lang='lat' dir='ltr'><strong>oblectabat</strong></span> <span class='ocrx_word' id='word_1_199' title='bbox 618 2644 718 2705; x_wconf 84' lang='lat' dir='ltr'><strong>solatio,</strong></span> <span class='ocrx_word' id='word_1_200' title='bbox 751 2643 829 2707; x_wconf 88' lang='lat' dir='ltr'><strong>liam,</strong></span> <span class='ocrx_word' id='word_1_201' title='bbox 845 2645 995 2708; x_wconf 75' lang='lat' dir='ltr'><strong>AEgyptum‚</strong></span> <span class='ocrx_word' id='word_1_202' title='bbox 1012 2644 1121 2707; x_wconf 84' lang='lat' dir='ltr'><strong>Syriam,</strong></span> <span class='ocrx_word' id='word_1_203' title='bbox 1147 2643 1287 2707; x_wconf 75' lang='lat' dir='ltr'><strong>Asiamque</strong></span> 
     </span>
     <span class='ocr_line' id='line_1_26' title="bbox 190 2714 1288 2782; baseline 0.005 -20"><span class='ocrx_word' id='word_1_204' title='bbox 190 2714 328 2777; x_wconf 85' lang='lat' dir='ltr'><strong>aliqnando</strong></span> <span class='ocrx_word' id='word_1_205' title='bbox 340 2716 506 2766; x_wconf 75' lang='lat' dir='ltr'><strong>revicturum</strong></span> <span class='ocrx_word' id='word_1_206' title='bbox 517 2718 575 2766; x_wconf 87' lang='lat' dir='ltr'><strong>sibi.</strong></span> <span class='ocrx_word' id='word_1_207' title='bbox 608 2718 640 2766; x_wconf 90' lang='lat' dir='ltr'><strong>lu</strong></span> <span class='ocrx_word' id='word_1_208' title='bbox 657 2726 718 2781; x_wconf 83' lang='lat' dir='ltr'><strong>qua·</strong></span> <span class='ocrx_word' id='word_1_209' title='bbox 758 2726 785 2765; x_wconf 85' lang='lat' dir='ltr'><strong>et</strong></span> <span class='ocrx_word' id='word_1_210' title='bbox 797 2732 885 2767; x_wconf 87' lang='lat' dir='ltr'><strong>omues</strong></span> <span class='ocrx_word' id='word_1_211' title='bbox 897 2734 979 2782; x_wconf 86' lang='lat' dir='ltr'><strong>prope</strong></span> <span class='ocrx_word' id='word_1_212' title='bbox 995 2733 1053 2768; x_wconf 87' lang='lat' dir='ltr'><strong>oras</strong></span> <span class='ocrx_word' id='word_1_213' title='bbox 1070 2719 1137 2767; x_wconf 88' lang='lat' dir='ltr'><strong>bello</strong></span> <span class='ocrx_word' id='word_1_214' title='bbox 1148 2719 1288 2768; x_wconf 83' lang='lat' dir='ltr'><strong>circumac-</strong></span> 
     </span>
     <span class='ocr_line' id='line_1_27' title="bbox 185 2789 1286 2857; baseline 0.003 -17"><span class='ocrx_word' id='word_1_215' title='bbox 185 2789 248 2840; x_wconf 80' lang='lat' dir='ltr'><strong>‚dam</strong></span> <span class='ocrx_word' id='word_1_216' title='bbox 260 2791 292 2839; x_wconf 84' lang='lat' dir='ltr'><strong>ad</strong></span> <span class='ocrx_word' id='word_1_217' title='bbox 305 2800 420 2841; x_wconf 71' lang='lat' dir='ltr'><strong>mustum</strong></span> <span class='ocrx_word' id='word_1_218' title='bbox 433 2794 511 2842; x_wconf 87' lang='lat' dir='ltr'><strong>missa</strong></span> <span class='ocrx_word' id='word_1_219' title='bbox 522 2795 642 2857; x_wconf 72' lang='lat' dir='ltr'><strong>epistola,</strong></span> <span class='ocrx_word' id='word_1_220' title='bbox 658 2809 717 2843; x_wconf 87' lang='lat' dir='ltr'><strong>cnm</strong></span> <span class='ocrx_word' id='word_1_221' title='bbox 758 2800 807 2854; x_wconf 84' lang='lat' dir='ltr'><strong>tus,</strong></span> <span class='ocrx_word' id='word_1_222' title='bbox 818 2795 932 2843; x_wconf 84' lang='lat' dir='ltr'><strong>Romana</strong></span> <span class='ocrx_word' id='word_1_223' title='bbox 940 2795 1012 2844; x_wconf 82' lang='lat' dir='ltr'><strong>crede</strong></span> <span class='ocrx_word' id='word_1_224' title='bbox 1024 2796 1103 2844; x_wconf 85' lang='lat' dir='ltr'><strong>lassos</strong></span> <span class='ocrx_word' id='word_1_225' title='bbox 1111 2794 1241 2844; x_wconf 82' lang='lat' dir='ltr'><strong>exercitus</strong></span> <span class='ocrx_word' id='word_1_226' title='bbox 1253 2795 1286 2843; x_wconf 86' lang='lat' dir='ltr'><strong>ad</strong></span> 
     </span>
     <span class='ocr_line' id='line_1_28' title="bbox 184 2868 1103 2936; baseline 0.007 -23"><span class='ocrx_word' id='word_1_227' title='bbox 184 2868 305 2930; x_wconf 83' lang='lat' dir='ltr'><strong>requiem</strong></span> <span class='ocrx_word' id='word_1_228' title='bbox 323 2883 395 2917; x_wconf 84' lang='lat' dir='ltr'><strong>suam</strong></span> <span class='ocrx_word' id='word_1_229' title='bbox 406 2884 456 2924; x_wconf 89' lang='lat' dir='ltr'><strong>non</strong></span> <span class='ocrx_word' id='word_1_230' title='bbox 468 2885 573 2920; x_wconf 79' lang='lat' dir='ltr'><strong>vacuam</strong></span> <span class='ocrx_word' id='word_1_231' title='bbox 590 2870 645 2920; x_wconf 81' lang='lat' dir='ltr'><strong>sore</strong></span> <span class='ocrx_word' id='word_1_232' title='bbox 661 2871 717 2936; x_wconf 77' lang='lat' dir='ltr'><strong>dig·</strong></span> <span class='ocrx_word' id='word_1_233' title='bbox 757 2878 867 2918; x_wconf 80' lang='lat' dir='ltr'><strong>externa</strong></span> <span class='ocrx_word' id='word_1_234' title='bbox 877 2870 947 2919; x_wconf 88' lang='lat' dir='ltr'><strong>bella</strong></span> <span class='ocrx_word' id='word_1_235' title='bbox 957 2869 1103 2920; x_wconf 67' lang='lat' dir='ltr'><strong>convertit!</strong></span> 
     </span>
    </p>

    <p class='ocr_par' dir='ltr' id='par_1_8' title="bbox 121 2941 1346 3842">
     <span class='ocr_line' id='line_1_29' title="bbox 188 2941 1286 3011; baseline 0.005 -22"><span class='ocrx_word' id='word_1_236' title='bbox 188 2941 289 3005; x_wconf 87' lang='lat' dir='ltr'><strong>nitatis,</strong></span> <span class='ocrx_word' id='word_1_237' title='bbox 297 2958 345 2992; x_wconf 79' lang='lat' dir='ltr'><strong>nee</strong></span> <span class='ocrx_word' id='word_1_238' title='bbox 357 2959 372 2993; x_wconf 90' lang='lat' dir='ltr'><strong>a</strong></span> <span class='ocrx_word' id='word_1_239' title='bbox 383 2946 467 3008; x_wconf 88' lang='lat' dir='ltr'><strong>priore</strong></span> <span class='ocrx_word' id='word_1_240' title='bbox 478 2947 560 3010; x_wconf 78' lang='lat' dir='ltr'><strong>gloria</strong></span> <span class='ocrx_word' id='word_1_241' title='bbox 572 2948 716 3011; x_wconf 84' lang='lat' dir='ltr'><strong>discrepan-</strong></span> <span class='ocrx_word' id='word_1_242' title='bbox 789 2946 1005 3010; x_wconf 67' lang='lat' dir='ltr'><strong>‘Fideadeasitl</strong></span> <span class='ocrx_word' id='word_1_243' title='bbox 1023 2947 1058 2995; x_wconf 90' lang='lat' dir='ltr'><strong>Ut</strong></span> <span class='ocrx_word' id='word_1_244' title='bbox 1077 2947 1154 2995; x_wconf 89' lang='lat' dir='ltr'><strong>etiarn</strong></span> <span class='ocrx_word' id='word_1_245' title='bbox 1173 2947 1223 2996; x_wconf 85' lang='lat' dir='ltr'><strong>iilis</strong></span> <span class='ocrx_word' id='word_1_246' title='bbox 1240 2948 1286 2996; x_wconf 88' lang='lat' dir='ltr'><strong>rni-</strong></span> 
     </span>
     <span class='ocr_line' id='line_1_30' title="bbox 188 3019 1286 3085; baseline 0.005 -20"><span class='ocrx_word' id='word_1_247' title='bbox 188 3023 253 3079; x_wconf 88' lang='lat' dir='ltr'><strong>tem,</strong></span> <span class='ocrx_word' id='word_1_248' title='bbox 268 3019 398 3082; x_wconf 85' lang='lat' dir='ltr'><strong>pollicitus</strong></span> <span class='ocrx_word' id='word_1_249' title='bbox 414 3028 490 3085; x_wconf 86' lang='lat' dir='ltr'><strong>esset,</strong></span> <span class='ocrx_word' id='word_1_250' title='bbox 506 3024 562 3072; x_wconf 77' lang='lat' dir='ltr'><strong>haec</strong></span> <span class='ocrx_word' id='word_1_251' title='bbox 581 3023 660 3072; x_wconf 77' lang='lat' dir='ltr'><strong>rerba</strong></span> <span class='ocrx_word' id='word_1_252' title='bbox 679 3024 716 3071; x_wconf 89' lang='lat' dir='ltr'><strong>in·</strong></span> <span class='ocrx_word' id='word_1_253' title='bbox 756 3033 804 3069; x_wconf 87' lang='lat' dir='ltr'><strong>nor</strong></span> <span class='ocrx_word' id='word_1_254' title='bbox 821 3019 886 3069; x_wconf 84' lang='lat' dir='ltr'><strong>fides</strong></span> <span class='ocrx_word' id='word_1_255' title='bbox 897 3021 1045 3083; x_wconf 80' lang='lat' dir='ltr'><strong>haberetur,</strong></span> <span class='ocrx_word' id='word_1_256' title='bbox 1064 3037 1122 3085; x_wconf 82' lang='lat' dir='ltr'><strong>quae</strong></span> <span class='ocrx_word' id='word_1_257' title='bbox 1140 3024 1246 3071; x_wconf 83' lang='lat' dir='ltr'><strong>honesta</strong></span> <span class='ocrx_word' id='word_1_258' title='bbox 1258 3029 1286 3071; x_wconf 88' lang='lat' dir='ltr'><strong>et</strong></span> 
     </span>
     <span class='ocr_line' id='line_1_31' title="bbox 189 3095 1286 3163; baseline 0.005 -21"><span class='ocrx_word' id='word_1_259' title='bbox 189 3095 262 3143; x_wconf 75' lang='lat' dir='ltr'><strong>venir</strong></span> <span class='ocrx_word' id='word_1_260' title='bbox 278 3096 326 3145; x_wconf 88' lang='lat' dir='ltr'><strong>sed</strong></span> <span class='ocrx_word' id='word_1_261' title='bbox 344 3096 396 3147; x_wconf 85' lang='lat' dir='ltr'><strong>ist&#39;a</strong></span> <span class='ocrx_word' id='word_1_262' title='bbox 412 3096 469 3147; x_wconf 85' lang='lat' dir='ltr'><strong>lieri</strong></span> <span class='ocrx_word' id='word_1_263' title='bbox 484 3099 625 3161; x_wconf 86' lang='lat' dir='ltr'><strong>speciosius</strong></span> <span class='ocrx_word' id='word_1_264' title='bbox 641 3114 716 3163; x_wconf 87' lang='lat' dir='ltr'><strong>quam</strong></span> <span class='ocrx_word' id='word_1_265' title='bbox 756 3096 868 3159; x_wconf 76' lang='lat' dir='ltr'><strong>gloriosa</strong></span> <span class='ocrx_word' id='word_1_266' title='bbox 878 3111 911 3145; x_wconf 85' lang='lat' dir='ltr'><strong>ex</strong></span> <span class='ocrx_word' id='word_1_267' title='bbox 923 3112 983 3146; x_wconf 84' lang='lat' dir='ltr'><strong>vera</strong></span> <span class='ocrx_word' id='word_1_268' title='bbox 994 3104 1021 3146; x_wconf 89' lang='lat' dir='ltr'><strong>et</strong></span> <span class='ocrx_word' id='word_1_269' title='bbox 1038 3097 1106 3146; x_wconf 86' lang='lat' dir='ltr'><strong>seria</strong></span> <span class='ocrx_word' id='word_1_270' title='bbox 1116 3098 1194 3146; x_wconf 83' lang='lat' dir='ltr'><strong>animi</strong></span> <span class='ocrx_word' id='word_1_271' title='bbox 1208 3096 1286 3148; x_wconf 78' lang='lat' dir='ltr'><strong>affee-</strong></span> 
     </span>
     <span class='ocr_line' id='line_1_32' title="bbox 121 3171 1240 3240; baseline 0.002 -20"><span class='ocrx_word' id='word_1_272' title='bbox 121 3232 125 3240; x_wconf 19' lang='grc' dir='ltr'><strong>ι</strong></span> <span class='ocrx_word' id='word_1_273' title='bbox 189 3172 306 3234; x_wconf 82' lang='lat' dir='ltr'><strong>promitti</strong></span> <span class='ocrx_word' id='word_1_274' title='bbox 325 3181 446 3236; x_wconf 85' lang='lat' dir='ltr'><strong>possunt:</strong></span> <span class='ocrx_word' id='word_1_275' title='bbox 464 3189 504 3224; x_wconf 90' lang='lat' dir='ltr'><strong>me</strong></span> <span class='ocrx_word' id='word_1_276' title='bbox 520 3182 606 3224; x_wconf 82' lang='lat' dir='ltr'><strong>tamen</strong></span> <span class='ocrx_word' id='word_1_277' title='bbox 620 3177 716 3239; x_wconf 81' lang='lat' dir='ltr'><strong>cupido</strong></span> <span class='ocrx_word' id='word_1_278' title='bbox 757 3171 826 3220; x_wconf 88' lang='lat' dir='ltr'><strong>tione</strong></span> <span class='ocrx_word' id='word_1_279' title='bbox 838 3172 989 3233; x_wconf 73' lang='lat' dir='ltr'><strong>protulerat</strong></span> <span class='ocrx_word' id='word_1_280' title='bbox 1238 3235 1240 3238; x_wconf 21' lang='grc' dir='ltr'>Ι</span> 
     </span>
     <span class='ocr_line' id='line_1_33' title="bbox 188 3243 1285 3314; baseline 0.003 -19"><span class='ocrx_word' id='word_1_281' title='bbox 188 3249 313 3310; x_wconf 87' lang='lat' dir='ltr'><strong>temporis</strong></span> <span class='ocrx_word' id='word_1_282' title='bbox 328 3243 482 3313; x_wconf 82' lang='lat' dir='ltr'><strong>optatissimi</strong></span> <span class='ocrx_word' id='word_1_283' title='bbox 498 3252 569 3312; x_wconf 88' lang='lat' dir='ltr'><strong>mibi,</strong></span> <span class='ocrx_word' id='word_1_284' title='bbox 588 3252 717 3314; x_wconf 81' lang='lat' dir='ltr'><strong>provexit,</strong></span> <span class='ocrx_word' id='word_1_285' title='bbox 789 3252 802 3277; x_wconf 82' lang='lat'><strong>¹²</strong></span> <span class='ocrx_word' id='word_1_286' title='bbox 816 3246 973 3309; x_wconf 75' lang='lat' dir='ltr'><strong>sermm]</strong></span> <span class='ocrx_word' id='word_1_287' title='bbox 989 3245 1058 3295; x_wconf 87' lang='lat' dir='ltr'><strong>Alba</strong></span> <span class='ocrx_word' id='word_1_288' title='bbox 1069 3247 1154 3309; x_wconf 79' lang='lat' dir='ltr'><strong>longa,</strong></span> <span class='ocrx_word' id='word_1_289' title='bbox 1165 3247 1225 3297; x_wconf 84' lang='lat' dir='ltr'><strong>urbs</strong></span> <span class='ocrx_word' id='word_1_290' title='bbox 1237 3250 1285 3298; x_wconf 89' lang='lat' dir='ltr'><strong>La·</strong></span> 
     </span>
     <span class='ocr_line' id='line_1_34' title="bbox 188 3321 1346 3387; baseline 0.005 -17"><span class='ocrx_word' id='word_1_291' title='bbox 188 3328 217 3370; x_wconf 86' lang='lat' dir='ltr'><strong>nt</strong></span> <span class='ocrx_word' id='word_1_292' title='bbox 229 3324 349 3387; x_wconf 86' lang='lat' dir='ltr'><strong>qnoniam</strong></span> <span class='ocrx_word' id='word_1_293' title='bbox 360 3339 445 3374; x_wconf 87' lang='lat' dir='ltr'><strong>rerum</strong></span> <span class='ocrx_word' id='word_1_294' title='bbox 461 3327 552 3376; x_wconf 83' lang='lat' dir='ltr'><strong>laetitia</strong></span> <span class='ocrx_word' id='word_1_295' title='bbox 569 3327 717 3376; x_wconf 87' lang='lat' dir='ltr'><strong>morabatur</strong></span> <span class='ocrx_word' id='word_1_296' title='bbox 757 3321 870 3370; x_wconf 68' lang='lat' dir='ltr'><strong>tinorum</strong></span> <span class='ocrx_word' id='word_1_297' title='bbox 881 3324 1033 3385; x_wconf 77' lang='lat' dir='ltr'><strong>populorum</strong></span> <span class='ocrx_word' id='word_1_298' title='bbox 1050 3322 1076 3370; x_wconf 78' lang='lat' dir='ltr'><strong>in</strong></span> <span class='ocrx_word' id='word_1_299' title='bbox 1095 3322 1169 3372; x_wconf 70' lang='lat' dir='ltr'><strong>latio</strong></span> <span class='ocrx_word' id='word_1_300' title='bbox 1183 3326 1286 3386; x_wconf 81' lang='lat' dir='ltr'><strong>provin·</strong></span> <span class='ocrx_word' id='word_1_301' title='bbox 1343 3321 1346 3328; x_wconf 80' lang='grc'>’</span> 
     </span>
     <span class='ocr_line' id='line_1_35' title="bbox 188 3396 1284 3466; baseline 0.004 -21"><span class='ocrx_word' id='word_1_302' title='bbox 188 3397 282 3459; x_wconf 88' lang='lat' dir='ltr'><strong>adbuc,</strong></span> <span class='ocrx_word' id='word_1_303' title='bbox 290 3401 459 3462; x_wconf 81' lang='lat' dir='ltr'><strong>praeciperem</strong></span> <span class='ocrx_word' id='word_1_304' title='bbox 468 3400 564 3465; x_wconf 87' lang='lat' dir='ltr'><strong>aliquid</strong></span> <span class='ocrx_word' id='word_1_305' title='bbox 577 3403 717 3466; x_wconf 78' lang='lat' dir='ltr'><strong>voluptatis</strong></span> <span class='ocrx_word' id='word_1_306' title='bbox 755 3396 812 3445; x_wconf 88' lang='lat' dir='ltr'><strong>cia:</strong></span> <span class='ocrx_word' id='word_1_307' title='bbox 823 3397 900 3445; x_wconf 87' lang='lat' dir='ltr'><strong>hodie</strong></span> <span class='ocrx_word' id='word_1_308' title='bbox 912 3398 938 3444; x_wconf 87' lang='lat' dir='ltr'><strong>in</strong></span> <span class='ocrx_word' id='word_1_309' title='bbox 949 3399 1028 3446; x_wconf 86' lang='lat' dir='ltr'><strong>rniuis</strong></span> <span class='ocrx_word' id='word_1_310' title='bbox 1036 3399 1121 3460; x_wconf 76' lang='lat' dir='ltr'><strong>Jaret,</strong></span> <span class='ocrx_word' id='word_1_311' title='bbox 1132 3399 1199 3448; x_wconf 84' lang='lat' dir='ltr'><strong>inter</strong></span> <span class='ocrx_word' id='word_1_312' title='bbox 1210 3400 1284 3449; x_wconf 85' lang='lat' dir='ltr'><strong>villas</strong></span> 
     </span>
     <span class='ocr_line' id='line_1_36' title="bbox 188 3469 1285 3536; baseline 0.003 -16"><span class='ocrx_word' id='word_1_313' title='bbox 188 3484 221 3521; x_wconf 80' lang='lat' dir='ltr'><strong>ex</strong></span> <span class='ocrx_word' id='word_1_314' title='bbox 232 3474 370 3524; x_wconf 85' lang='lat' dir='ltr'><strong>verbomm</strong></span> <span class='ocrx_word' id='word_1_315' title='bbox 385 3476 530 3525; x_wconf 82' lang='lat' dir='ltr'><strong>dulcedine.</strong></span> <span class='ocrx_word' id='word_1_316' title='bbox 562 3478 644 3526; x_wconf 81' lang='lat' dir='ltr'><strong>Tanta</strong></span> <span class='ocrx_word' id='word_1_317' title='bbox 661 3478 716 3526; x_wconf 85' lang='lat' dir='ltr'><strong>risa</strong></span> <span class='ocrx_word' id='word_1_318' title='bbox 756 3474 834 3536; x_wconf 78' lang='lat' dir='ltr'><strong>vulgo</strong></span> <span class='ocrx_word' id='word_1_319' title='bbox 844 3469 924 3521; x_wconf 74' lang='lat' dir='ltr'><strong>dietas</strong></span> <span class='ocrx_word' id='word_1_320' title='bbox 938 3473 1075 3531; x_wconf 68' lang='lat' dir='ltr'><strong>Palmensis</strong></span> <span class='ocrx_word' id='word_1_321' title='bbox 1086 3480 1113 3522; x_wconf 87' lang='lat' dir='ltr'><strong>et</strong></span> <span class='ocrx_word' id='word_1_322' title='bbox 1126 3474 1206 3523; x_wconf 85' lang='lat' dir='ltr'><strong>Castei</strong></span> <span class='ocrx_word' id='word_1_323' title='bbox 1219 3475 1285 3523; x_wconf 78' lang='lat' dir='ltr'><strong>Gas-</strong></span> 
     </span>
     <span class='ocr_line' id='line_1_37' title="bbox 189 3550 1334 3615; baseline 0.001 -18"><span class='ocrx_word' id='word_1_324' title='bbox 189 3554 231 3597; x_wconf 84' lang='lat' dir='ltr'><strong>est</strong></span> <span class='ocrx_word' id='word_1_325' title='bbox 247 3563 289 3598; x_wconf 89' lang='lat' dir='ltr'><strong>res</strong></span> <span class='ocrx_word' id='word_1_326' title='bbox 299 3550 389 3611; x_wconf 76' lang='lat' dir='ltr'><strong>odam,</strong></span> <span class='ocrx_word' id='word_1_327' title='bbox 401 3559 430 3599; x_wconf 86' lang='lat' dir='ltr'><strong>ut</strong></span> <span class='ocrx_word' id='word_1_328' title='bbox 440 3551 519 3613; x_wconf 83' lang='lat' dir='ltr'><strong>illam,</strong></span> <span class='ocrx_word' id='word_1_329' title='bbox 527 3552 586 3615; x_wconf 86' lang='lat' dir='ltr'><strong>quia</strong></span> <span class='ocrx_word' id='word_1_330' title='bbox 605 3567 652 3601; x_wconf 89' lang='lat' dir='ltr'><strong>usn</strong></span> <span class='ocrx_word' id='word_1_331' title='bbox 664 3566 714 3601; x_wconf 88' lang='lat' dir='ltr'><strong>non</strong></span> <span class='ocrx_word' id='word_1_332' title='bbox 753 3550 864 3612; x_wconf 62' lang='lat' dir='ltr'><strong>asbain</strong></span> <span class='ocrx_word' id='word_1_333' title='bbox 879 3558 956 3612; x_wconf 87' lang='lat' dir='ltr'><strong>parte</strong></span> <span class='ocrx_word' id='word_1_334' title='bbox 967 3550 1123 3599; x_wconf 81' lang='lat' dir='ltr'><strong>occidentali</strong></span> <span class='ocrx_word' id='word_1_335' title='bbox 1136 3551 1284 3613; x_wconf 71' lang='lat' dir='ltr'><strong>Campaniae</strong></span> <span class='ocrx_word' id='word_1_336' title='bbox 1332 3587 1334 3591; x_wconf 90' lang='lat'>.</span> 
     </span>
     <span class='ocr_line' id='line_1_38' title="bbox 187 3625 1285 3690; baseline 0 -16"><span class='ocrx_word' id='word_1_337' title='bbox 187 3627 644 3690; x_wconf 74' lang='lat' dir='ltr'><strong>poterat,eog‘itstionepraesumeret.</strong></span> <span class='ocrx_word' id='word_1_338' title='bbox 662 3630 716 3680; x_wconf 82' lang='lat' dir='ltr'><strong>Qui</strong></span> <span class='ocrx_word' id='word_1_339' title='bbox 755 3626 878 3675; x_wconf 73' lang='lat' dir='ltr'><strong>Romana</strong></span> <span class='ocrx_word' id='word_1_340' title='bbox 895 3626 1037 3688; x_wconf 80' lang='lat' dir='ltr'><strong>provinciae¹</strong></span> <span class='ocrx_word' id='word_1_341' title='bbox 1048 3634 1131 3675; x_wconf 78' lang='lat' dir='ltr'><strong>status</strong></span> <span class='ocrx_word' id='word_1_342' title='bbox 1142 3625 1285 3674; x_wconf 83' lang='lat' dir='ltr'><strong>Ecclesias-</strong></span> 
     </span>
     <span class='ocr_line' id='line_1_39' title="bbox 186 3700 1283 3766; baseline 0.004 -19"><span class='ocrx_word' id='word_1_343' title='bbox 186 3701 433 3751; x_wconf 82' lang='lat' dir='ltr'><strong>ornniaridebatex</strong></span> <span class='ocrx_word' id='word_1_344' title='bbox 450 3717 477 3752; x_wconf 88' lang='lat' dir='ltr'><strong>se</strong></span> <span class='ocrx_word' id='word_1_345' title='bbox 496 3718 548 3753; x_wconf 87' lang='lat' dir='ltr'><strong>uno</strong></span> <span class='ocrx_word' id='word_1_346' title='bbox 567 3704 715 3766; x_wconf 73' lang='lat' dir='ltr'><strong>pendentis,</strong></span> <span class='ocrx_word' id='word_1_347' title='bbox 755 3701 810 3749; x_wconf 86' lang='lat' dir='ltr'><strong>tici.</strong></span> <span class='ocrx_word' id='word_1_348' title='bbox 844 3700 1017 3750; x_wconf 86' lang='lat' dir='ltr'><strong>ExCluverio</strong></span> <span class='ocrx_word' id='word_1_349' title='bbox 1028 3707 1056 3749; x_wconf 88' lang='lat' dir='ltr'><strong>et</strong></span> <span class='ocrx_word' id='word_1_350' title='bbox 1067 3700 1187 3750; x_wconf 83' lang='lat' dir='ltr'><strong>Kircireri</strong></span> <span class='ocrx_word' id='word_1_351' title='bbox 1198 3701 1283 3751; x_wconf 81' lang='lat' dir='ltr'><strong>latio.</strong></span> 
     </span>
     <span class='ocr_line' id='line_1_40' title="bbox 187 3774 1095 3842; baseline 0.008 -19"><span class='ocrx_word' id='word_1_352' title='bbox 187 3776 231 3839; x_wconf 86' lang='lat' dir='ltr'><strong>qni</strong></span> <span class='ocrx_word' id='word_1_353' title='bbox 240 3776 385 3827; x_wconf 83' lang='lat' dir='ltr'><strong>bominibus</strong></span> <span class='ocrx_word' id='word_1_354' title='bbox 400 3778 572 3842; x_wconf 74' lang='lat' dir='ltr'><strong>gentibusque</strong></span> <span class='ocrx_word' id='word_1_355' title='bbox 587 3778 715 3830; x_wconf 83' lang='lat' dir='ltr'><strong>fortunam</strong></span> <span class='ocrx_word' id='word_1_356' title='bbox 756 3774 877 3825; x_wconf 64' lang='lat' dir='ltr'><strong>meme.</strong></span> <span class='ocrx_word' id='word_1_357' title='bbox 1093 3779 1095 3786; x_wconf 73' lang='grc'>”</span> 
     </span>
    </p>

    <p class='ocr_par' dir='ltr' id='par_1_9' title="bbox 184 3848 1283 4004">
     <span class='ocr_line' id='line_1_41' title="bbox 187 3848 1283 3922; baseline 0.003 -20"><span class='ocrx_word' id='word_1_358' title='bbox 187 3852 277 3916; x_wconf 83' lang='lat' dir='ltr'><strong>dabat,</strong></span> <span class='ocrx_word' id='word_1_359' title='bbox 291 3854 363 3904; x_wconf 86' lang='lat' dir='ltr'><strong>illum</strong></span> <span class='ocrx_word' id='word_1_360' title='bbox 378 3855 447 3904; x_wconf 88' lang='lat' dir='ltr'><strong>diem</strong></span> <span class='ocrx_word' id='word_1_361' title='bbox 458 3856 605 3905; x_wconf 83' lang='lat' dir='ltr'><strong>laetissimus</strong></span> <span class='ocrx_word' id='word_1_362' title='bbox 616 3857 715 3922; x_wconf 73' lang='lat' dir='ltr'><strong>cogita·</strong></span> <span class='ocrx_word' id='word_1_363' title='bbox 787 3850 799 3883; x_wconf 80' lang='lat'><strong>‘¹</strong></span> <span class='ocrx_word' id='word_1_364' title='bbox 814 3852 902 3900; x_wconf 66' lang='lat' dir='ltr'><strong>Sabim</strong></span> <span class='ocrx_word' id='word_1_365' title='bbox 920 3852 1041 3915; x_wconf 74' lang='lat' dir='ltr'><strong>nobibtas]</strong></span> <span class='ocrx_word' id='word_1_366' title='bbox 1054 3892 1057 3897; x_wconf 84' lang='lat'><em>-</em></span> <span class='ocrx_word' id='word_1_367' title='bbox 1070 3850 1146 3901; x_wconf 75' lang='lat' dir='ltr'><strong>Unde</strong></span> <span class='ocrx_word' id='word_1_368' title='bbox 1169 3848 1283 3901; x_wconf 61' lang='lat' dir='ltr'><strong>Claudia</strong></span> 
     </span>
     <span class='ocr_line' id='line_1_42' title="bbox 184 3927 1205 4004; baseline -0.004 -26"><span class='ocrx_word' id='word_1_369' title='bbox 184 3928 240 3991; x_wconf 84' lang='lat' dir='ltr'><strong>bat,</strong></span> <span class='ocrx_word' id='word_1_370' title='bbox 261 3944 313 3993; x_wconf 90' lang='lat' dir='ltr'><strong>quo</strong></span> <span class='ocrx_word' id='word_1_371' title='bbox 336 3930 538 3993; x_wconf 77' lang='lat' dir='ltr'><strong>magnitudinem</strong></span> <span class='ocrx_word' id='word_1_372' title='bbox 560 3946 632 3981; x_wconf 85' lang='lat' dir='ltr'><strong>snam</strong></span> <span class='ocrx_word' id='word_1_373' title='bbox 654 3947 715 3982; x_wconf 83' lang='lat' dir='ltr'><strong>exn·</strong></span> <span class='ocrx_word' id='word_1_374' title='bbox 754 3927 931 3991; x_wconf 72' lang='lat' dir='ltr'><strong>gentisorigo.</strong></span> <span class='ocrx_word' id='word_1_375' title='bbox 1201 3996 1205 4004; x_wconf 17' lang='grc' dir='ltr'><strong><em>ἡ</em></strong></span> 
     </span>
    </p>

    <p class='ocr_par' dir='ltr' id='par_1_10' title="bbox 187 4002 1284 4069">
     <span class='ocr_line' id='line_1_43' title="bbox 187 4002 1284 4069; baseline 0.002 -18"><span class='ocrx_word' id='word_1_376' title='bbox 187 4009 254 4053; x_wconf 86' lang='lat' dir='ltr'><strong>eret.</strong></span> <span class='ocrx_word' id='word_1_377' title='bbox 293 4005 425 4068; x_wconf 77' lang='lat' dir='ltr'><strong>Expertus</strong></span> <span class='ocrx_word' id='word_1_378' title='bbox 443 4013 508 4067; x_wconf 87' lang='lat' dir='ltr'><strong>erat,</strong></span> <span class='ocrx_word' id='word_1_379' title='bbox 527 4013 651 4069; x_wconf 83' lang='lat' dir='ltr'><strong>qnantum</strong></span> <span class='ocrx_word' id='word_1_380' title='bbox 670 4008 715 4058; x_wconf 86' lang='lat' dir='ltr'><strong>illa</strong></span> <span class='ocrx_word' id='word_1_381' title='bbox 786 4002 887 4065; x_wconf 78' lang='lat' dir='ltr'><strong>Satira]</strong></span> <span class='ocrx_word' id='word_1_382' title='bbox 898 4002 1085 4067; x_wconf 86' lang='lat' dir='ltr'><strong>Sabinipopnii</strong></span> <span class='ocrx_word' id='word_1_383' title='bbox 1096 4003 1191 4052; x_wconf 78' lang='lat' dir='ltr'><strong>Samnii</strong></span> <span class='ocrx_word' id='word_1_384' title='bbox 1203 4004 1284 4069; x_wconf 80' lang='lat' dir='ltr'><strong>regio·</strong></span> 
     </span>
    </p>

    <p class='ocr_par' dir='ltr' id='par_1_11' title="bbox 120 4072 1305 4304">
     <span class='ocr_line' id='line_1_44' title="bbox 120 4072 1284 4146; baseline 0 -16"><span class='ocrx_word' id='word_1_385' title='bbox 120 4089 124 4092; x_wconf 85' lang='lat'>&#39;</span> <span class='ocrx_word' id='word_1_386' title='bbox 186 4079 255 4130; x_wconf 80' lang='lat' dir='ltr'><strong>bona</strong></span> <span class='ocrx_word' id='word_1_387' title='bbox 265 4095 312 4144; x_wconf 88' lang='lat' dir='ltr'><strong>per</strong></span> <span class='ocrx_word' id='word_1_388' title='bbox 328 4072 416 4130; x_wconf 77' lang='lat' dir='ltr'><strong>omnes</strong></span> <span class='ocrx_word' id='word_1_389' title='bbox 433 4087 516 4131; x_wconf 89' lang='lat' dir='ltr'><strong>terras</strong></span> <span class='ocrx_word' id='word_1_390' title='bbox 527 4080 662 4146; x_wconf 72' lang='lat' dir='ltr'><strong>fulgentia,</strong></span> <span class='ocrx_word' id='word_1_391' title='bbox 673 4097 713 4133; x_wconf 81' lang='lat' dir='ltr'><strong>su·</strong></span> <span class='ocrx_word' id='word_1_392' title='bbox 754 4079 794 4128; x_wconf 84' lang='lat' dir='ltr'><strong>nis</strong></span> <span class='ocrx_word' id='word_1_393' title='bbox 810 4078 836 4127; x_wconf 88' lang='lat' dir='ltr'><strong>in</strong></span> <span class='ocrx_word' id='word_1_394' title='bbox 856 4079 949 4127; x_wconf 84' lang='lat' dir='ltr'><strong>ltalia:</strong></span> <span class='ocrx_word' id='word_1_395' title='bbox 966 4079 1044 4127; x_wconf 89' lang='lat' dir='ltr'><strong>hodie</strong></span> <span class='ocrx_word' id='word_1_396' title='bbox 1062 4094 1122 4141; x_wconf 86' lang='lat' dir='ltr'><strong>pars</strong></span> <span class='ocrx_word' id='word_1_397' title='bbox 1143 4081 1284 4144; x_wconf 86' lang='lat' dir='ltr'><strong>provincia·</strong></span> 
     </span>
     <span class='ocr_line' id='line_1_45' title="bbox 186 4153 1305 4224; baseline 0.003 -20"><span class='ocrx_word' id='word_1_398' title='bbox 186 4154 255 4205; x_wconf 83' lang='lat' dir='ltr'><strong>doris</strong></span> <span class='ocrx_word' id='word_1_399' title='bbox 266 4155 451 4218; x_wconf 79' lang='lat' dir='ltr'><strong>exprimerent,</strong></span> <span class='ocrx_word' id='word_1_400' title='bbox 462 4161 586 4219; x_wconf 83' lang='lat' dir='ltr'><strong>quantum</strong></span> <span class='ocrx_word' id='word_1_401' title='bbox 598 4159 714 4208; x_wconf 79' lang='lat' dir='ltr'><strong>occulta-</strong></span> <span class='ocrx_word' id='word_1_402' title='bbox 752 4170 809 4206; x_wconf 88' lang='lat' dir='ltr'><strong>rum</strong></span> <span class='ocrx_word' id='word_1_403' title='bbox 820 4153 922 4204; x_wconf 82' lang='lat' dir='ltr'><strong>Sabinae</strong></span> <span class='ocrx_word' id='word_1_404' title='bbox 932 4159 961 4205; x_wconf 89' lang='lat' dir='ltr'><strong>et</strong></span> <span class='ocrx_word' id='word_1_405' title='bbox 971 4154 1095 4218; x_wconf 62' lang='lat' dir='ltr'><strong>Omnian,</strong></span> <span class='ocrx_word' id='word_1_406' title='bbox 1106 4155 1166 4224; x_wconf 77' lang='lat' dir='ltr'><strong>sire</strong></span> <span class='ocrx_word' id='word_1_407' title='bbox 1172 4155 1282 4207; x_wconf 84' lang='lat' dir='ltr'><strong>ducatos</strong></span> <span class='ocrx_word' id='word_1_408' title='bbox 1297 4209 1305 4218; x_wconf 61' lang='grc'>,</span> 
     </span>
     <span class='ocr_line' id='line_1_46' title="bbox 184 4229 1284 4304; baseline 0.003 -21"><span class='ocrx_word' id='word_1_409' title='bbox 184 4243 241 4290; x_wconf 74' lang='lat' dir='ltr'><strong>rum</strong></span> <span class='ocrx_word' id='word_1_410' title='bbox 263 4229 459 4304; x_wconf 67' lang='lat' dir='ltr'><strong>policitndinum</strong></span> <span class='ocrx_word' id='word_1_411' title='bbox 487 4237 627 4297; x_wconf 72' lang='lat' dir='ltr'><strong>tegerem:</strong></span> <span class='ocrx_word' id='word_1_412' title='bbox 653 4233 713 4286; x_wconf 75' lang='lat' dir='ltr'><strong>eum</strong></span> <span class='ocrx_word' id='word_1_413' title='bbox 753 4233 846 4304; x_wconf 71' lang='lat' dir='ltr'><strong>Spoleti</strong></span> <span class='ocrx_word' id='word_1_414' title='bbox 873 4232 901 4283; x_wconf 89' lang='lat' dir='ltr'><strong>in</strong></span> <span class='ocrx_word' id='word_1_415' title='bbox 928 4238 1000 4283; x_wconf 83' lang='lat' dir='ltr'><strong>statu</strong></span> <span class='ocrx_word' id='word_1_416' title='bbox 1025 4230 1227 4295; x_wconf 54' lang='lat' dir='ltr'><strong>aeclesiasticos</strong></span> <span class='ocrx_word' id='word_1_417' title='bbox 1255 4239 1284 4286; x_wconf 87' lang='lat' dir='ltr'><strong>et</strong></span> 
     </span>
    </p>
   </div>
   <div class='ocr_carea' id='block_1_8' title="bbox 0 0 1542 4917">
    <p class='ocr_par' dir='ltr' id='par_1_12' title="bbox 0 0 1542 4917">
     <span class='ocr_line' id='line_1_47' title="bbox 0 0 1542 4917; baseline 0 4"><span class='ocrx_word' id='word_1_418' title='bbox 0 0 1542 4917; x_wconf 95' lang='lat' dir='ltr'><strong> </strong></span> 
     </span>
    </p>
   </div>
  </div>
 </body>
</html>
