3075 4917
106 398 109 404 ·
190 382 327 447 acan]
560 376 771 426 asuarius
796 377 870 428 nra.
892 380 943 429 vr.
1227 367 1294 436 m

191 519 422 586 decimvirdm³
445 519 571 602 ‘recipi
584 518 668 584 inter
691 523 821 584 ceteros
846 517 994 603 ejusdem
1009 521 1121 600 vaus:
1148 528 1183 588 et
1196 523 1293 589 eade

190 641 225 688 re
240 621 588 699 Senatuseonsultum,'
608 622 856 703 postulaverat:
879 642 947 706 quo
974 642 1034 705 per
1055 622 1294 690 discessionem

192 720 305 802 fracto,f
329 726 422 789 misit
449 726 561 790 literas
576 722 705 797 Caesar,
734 723 866 787 modice
895 723 1077 789 Tribunum
1106 727 1294 811 increpans,

192 825 367 908 ‘ignum
380 827 507 910 antiqui
521 828 620 890 moris
634 826 679 888 ob
696 825 890 908 juventam:
932 824 1033 890 Gallo
1058 829 1293 911 exprobrabat,

194 926 307 1011 ‘quod
333 928 484 992 scientiae
511 926 839 1008 caerimoniarumqne
853 935 974 1005 uetus,g
994 930 1122 993 incerto
1146 936 1292 1014 auctore,

191 1035 267 1092 ente
284 1030 480 1094 sententiam
494 1028 637 1112 collegii,
645 1046 722 1105 non,
738 1033 776 1091 nt
788 1029 923 1106 assolet,
937 1029 1024 1094 lecto
1036 1051 1095 1114 per
1103 1015 1293 1114 magistros*

86 1165 89 1168 ·
191 1129 422 1214 aestimatoque
437 1131 594 1208 carmine,
610 1129 701 1212 apud
728 1129 966 1213 infrequentem
980 1130 1137 1196 Senatum
1150 1132 1293 1215 egisset.⁸

190 1306 301 1359 t'oeminae
311 1308 393 1360 libros
404 1315 432 1360 et
449 1325 482 1359 ea
491 1308 525 1359 de
545 1325 573 1359 re
584 1317 686 1372 patrum
703 1310 839 1360 decretum
849 1309 997 1375 flagitarat;
1014 1329 1058 1377 qus
1068 1330 1110 1376 per
1130 1314 1292 1369 ditem

192 1383 294 1437 patrum
300 1374 378 1436 secte,
398 1375 494 1438 scripsit
512 1375 636 1439 epistolum
653 1374 768 1436 Tiberius,
785 1376 868 1428 better
878 1376 985 1425 meamus
1000 1378 1128 1440 tritam,
1145 1388 1174 1429 ut
1185 1381 1293 1434 inscium

193 1439 272 1501 prisci
283 1440 347 1487 ritus
357 1439 390 1487 ob
402 1445 523 1499 aetatem3
541 1446 569 1486 at
579 1438 708 1497 abscidet
729 1440 810 1501 Gallo,
821 1438 889 1503 qnod
901 1440 1026 1491 doctrinae
1043 1452 1069 1490 et
1081 1444 1232 1506 religionum
1241 1443 1293 1510 pri·

193 1501 250 1551 dem
260 1511 392 1566 expertus,
410 1502 541 1566 incognito
550 1504 678 1565 scriptore
689 1501 753 1565 libri,
764 1511 826 1553 ante
837 1503 972 1553 decretum
984 1506 1095 1569 collegii,
1106 1522 1156 1560 non
1167 1509 1246 1572 lecto,
1263 1516 1292 1561 ut

191 1579 246 1617 snos
257 1574 306 1631 est,
317 1568 516 1633 examinemque
525 1580 574 1631 per
584 1567 703 1617 doctores
713 1581 801 1632 versu,
817 1568 885 1632 apud
898 1582 993 1632 paitcos
1001 1571 1094 1621 Patres
1105 1572 1132 1632 id
1151 1574 1291 1630 retulisset.

648 1697 750 1717 eoum
754 1699 841 1719 unu

191 1795 434 1860 quindecimuirum.
468 1797 562 1847 Forma
579 1796 681 1861 quidem
701 1794 806 1845 dicendi
816 1809 867 1845 non
884 1796 985 1846 omnino
997 1796 1120 1858 insolens,
1131 1802 1161 1847 ut
1171 1803 1246 1860 patet
1257 1811 1292 1848 err

193 1862 262 1911 llist.
274 1874 294 1910 1.
304 1865 345 1912 81.
361 1875 445 1926 neque
457 1868 545 1912 tamen
563 1862 602 1910 ita
612 1862 726 1925 elegans,
736 1866 766 1908 ut
783 1860 919 1909 emunim
941 1862 1140 1925 mitramque
1157 1862 1292 1911 tabitam

191 1925 320 1975 numius
331 1925 449 1991 aliisque,
460 1927 503 1989 qui
515 1925 632 1987 edidere,
642 1924 819 1988 quindecimvir,
848 1931 954 1974 ueratnr
963 1926 1022 1976 Jac.
1040 1925 1196 1988 Gronovius,
1206 1927 1251 1975 irae
1263 1933 1293 1976 et

190 1989 365 2040 conviciorum
376 1992 485 2041 ridicule
496 1990 678 2054 intemperans.
695 1988 804 2040 Brctier.
861 1990 964 2055 yokins‚
972 1991 1114 2055 Brotierus,
1124 1997 1152 2041 et
1163 1990 1293 2042 Homerus

191 2054 368 2118 qaindecim.
1239 2063 1244 2068 '

688 2149 797 2201 NOTAE

190 2272 252 2317 rent
263 2267 332 2331 apud
342 2268 445 2331 Patres,
456 2268 526 2332 quod
537 2265 653 2331 erepub.
662 2278 720 2316 esse
761 2264 872 2315 nnicane
882 2265 989 2330 Sibylla,
998 2280 1056 2330 quar
1065 2264 1180 2329 pluribus
1191 2263 1218 2313 in
1229 2265 1293 2316 loeis‘

192 2351 338 2407 censerent,
359 2351 436 2409 atque
456 2345 535 2394 etiam
553 2350 721 2394 senatuscon·
762 2342 826 2403 visa,
836 2342 995 2406 plurifariam
1014 2342 1194 2407 cognominata
1205 2339 1294 2392 fuerit.

192 2420 266 2470 sultis
293 2420 508 2481 intercederent:
535 2427 566 2470 ut
585 2425 660 2484 patet
684 2418 722 2467 ln·
761 2415 839 2468 Adiri
856 2419 943 2483 plures
965 2434 998 2468 ex
1020 2417 1116 2468 nostris
1137 2417 1185 2492 hac
1213 2416 1246 2465 de
1263 2431 1292 2466 re

191 2489 271 2546 trade
283 2496 398 2560 Othone,
410 2497 455 2562 qni
464 2496 722 2547 interceditPatrum
762 2499 881 2557 possunt.
923 2495 1034 2544 Vestras.
1286 2551 1289 2558 .

192 2571 308 2633 decreto,
326 2587 378 2640 qno
399 2571 533 2636 praemium
551 2571 663 2621 delatori
679 2571 723 2620 de·
779 2565 1293 2632 'Qsopertacmiosemsacr01‘80tam’

192 2647 344 2703 cernebant.
762 2643 1047 2706 (utteribituraGellio
1055 2645 1074 2693 l.
1083 2642 1155 2708 mv.)
1171 2641 1220 2693 ‘fit
1229 2641 1293 2695 dno·

202 2713 204 2717 ’
223 2722 237 2757 ¹¹
252 2724 295 2773 De
306 2723 366 2772 libro
377 2721 486 2787 umus]
497 2724 557 2773 Non
569 2722 666 2774 affectu
677 2728 724 2772 ant
764 2719 918 2780 busmodis:
936 2726 982 2771 aut
992 2735 1039 2784 per
1058 2719 1248 2782 discessionem,
1269 2719 1295 2769 si

193 2812 257 2848 cnra
275 2797 422 2861 religionis:
444 2813 504 2847 nem
523 2798 643 2849 addictus
666 2799 723 2849 Ma·
762 2798 965 2848 consentiretur:
985 2804 1029 2847 ant
1039 2796 1061 2847 ei
1072 2811 1114 2846 res
1128 2797 1206 2846 dubia
1214 2800 1294 2853 esset,

192 2874 343 2933 thematieoe
354 2874 492 2938 religiones
507 2874 666 2939 negligebat,
677 2871 724 2924 sed
763 2888 812 2937 per
822 2873 980 2937 singulorum
988 2874 1128 2925 sententias
1138 2869 1297 2939 exquisitas!

193 2964 227 3000 ne
245 2950 301 3016 quir
319 2950 466 2999 consuleret
485 2950 548 3000 talia
564 2951 677 3014 oracula,
696 2958 724 3001 et
764 2951 898 3000 Cornelius
917 2950 986 3004 infra
1003 2953 1021 3000 1.
1043 2965 1106 3002 1111.
1132 2952 1295 3017 ‘Postquam

192 3027 286 3077 exhinc
296 3041 338 3077 res
347 3042 426 3077 nouas
437 3028 579 3079 moliretur.
614 3030 725 3078 Eccon-
764 3024 948 3075 discessionem
958 3027 1048 3076 consul
1068 3027 1231 3090 permiserat,
1250 3041 1295 3090 pe·

178 3103 248 3159 ,silio
260 3104 346 3154 omnia
362 3106 466 3154 oracula
483 3110 511 3154 et
530 3104 653 3154 vaticinia
663 3105 724 3154 abc·
765 3101 840 3152 dibus
849 3100 876 3150 in
887 3102 1042 3151 sententiam
1053 3102 1109 3164 ejus
1129 3100 1201 3151 iere!

192 3180 247 3227 lere
258 3185 367 3229 conatus
385 3186 434 3230 est.
798 3177 1066 3240 ‘Coriumissamque
1080 3177 1158 3241 oetas]
1189 3178 1297 3241 Magno·

225 3256 333 3306 Sueten.
350 3255 408 3306 Tib.
427 3260 469 3306 63.
487 3254 664 3321 ‘Haruspices
686 3269 725 3306 se·
766 3266 831 3317 pere
844 3251 972 3316 interfuit,
982 3253 1046 3303 scire
1059 3254 1103 3317 jus
1122 3254 1235 3304 divinum
1256 3267 1296 3302 aa·

194 3336 268 3380 creto
280 3344 311 3379 ae
323 3330 380 3379 siue
391 3331 502 3380 testibus
523 3332 621 3383 consuli
627 3331 726 3381 ¹vetuit.
766 3343 875 3394 eroeqne
886 3329 963 3391 ritus,
974 3335 1002 3378 ut
1021 3335 1096 3392 patet
1105 3343 1138 3378 ex
1148 3329 1256 3380 levitate
1267 3331 1297 3379 et

193 3405 361 3457 vicinavero
376 3407 433 3457 urbi
446 3408 551 3458 oracula
566 3408 644 3457 etiam
656 3397 728 3472 disji·
765 3403 870 3454 inscitia
895 3404 995 3454 Vitellii
1020 3405 1154 3470 principis.
1186 3406 1295 3458 Sueten.

195 3496 255 3531 cere
263 3489 372 3532 conatus
384 3491 440 3533 eet:
458 3485 503 3533 sed
511 3485 647 3548 majestate
655 3485 727 3533 Prae·
767 3479 867 3530 ‘Omni
882 3479 969 3529 divino
980 3480 1140 3545 humanoque
1155 3482 1216 3546 jure
1235 3496 1297 3545 neg·

195 3559 354 3608 nestinarum
365 3559 472 3609 sortium
483 3559 600 3621 territus,
608 3559 725 3608 destitit:
766 3557 846 3618 lecto,
857 3555 977 3606 Alliensi’
985 3556 1026 3622 (id
1038 3564 1088 3621 est,
1103 3556 1227 3622 infausto)
1237 3558 1296 3608 ‘die

194 3649 254 3694 cum
264 3633 413 3699 obsignatas
424 3636 597 3702 deuectasque
609 3636 726 3696 Romam,
767 3630 948 3695 pontificatum
967 3633 1106 3682 maximnm
1122 3633 1209 3697 oepit,’
1227 3631 1297 3697 quod

195 3723 248 3758 non
268 3711 408 3774 reperisset
427 3711 454 3760 in
476 3726 545 3778 arca,
562 3711 611 3761 nisi
631 3711 726 3760 relatas
767 3708 792 3758 ei
802 3709 957 3773 presagium
965 3709 1040 3759 exitii
1049 3708 1108 3773 fuit,
1116 3716 1184 3759 teste
1194 3709 1297 3762 Tacito.
1365 3749 1370 3758 .

195 3801 284 3837 rursus
301 3787 335 3836 ad
348 3787 490 3851 templum!
799 3780 900 3833 lnects
924 3799 969 3847 per
995 3784 1134 3847 magistros]
1177 3783 1300 3849 Magistri

228 3871 241 3896 ⁸
256 3864 342 3927 Reeipi
352 3865 417 3914 iuter
433 3869 523 3913 estem
538 3862 638 3924 wem
655 3860 729 3925 sub]
768 3865 829 3910 sunt
845 3859 1019 3909 sacerdotum.
1041 3861 1159 3909 Valerius
1177 3861 1195 3910 l.
1208 3873 1228 3911 r.
1252 3860 1298 3916 ‘A

196 3939 326 4008 Intelligit
347 3939 380 3988 de
402 3939 501 4005 Sibylla
523 3940 636 4000 Cumaea,
655 3939 729 4002 cujus
769 3941 845 3999 patre
857 3950 903 3984 suo
914 3936 1017 4000 collegii
1026 3936 1152 3984 Saliorum
1170 3936 1297 4002 magistro

196 4007 731 4081 voluminaquodRornanorumconscrip-
764 4009 870 4075 jussus!
892 4011 961 4059 Plin.
983 4023 1084 4060 xxvrrr.
1097 4015 1137 4059 ll.
1164 4009 1299 4082 ‘Quindef

196 4097 226 4141 ta
237 4090 293 4141 fata
304 4092 478 4154 continerent,
492 4092 519 4141 in
538 4091 640 4142 arcanis
651 4091 731 4141 habe·
769 4088 904 4138 cimvirum
921 4088 1021 4151 collegii
1045 4087 1185 4151 magister!
1208 4088 1243 4139 In
1260 4090 1298 4139 la·

196 4166 304 4217 bantur.
336 4169 430 4233 Neque
441 4182 502 4217 vero
518 4168 588 4218 sinus
603 4167 731 4218 illenobis
769 4163 848 4230 pide:
876 4176 961 4224 oeno.
981 4176 1173 4220 strenuorum.
1201 4177 1300 4223 neers.

196 4241 314 4294 adalim
334 4241 459 4294 eminetis
479 4242 732 4317 bgrediendusiest,
769 4251 835 4292 aas.
851 4251 911 4290 suo.
935 4239 971 4291 Et
990 4240 1098 4292 Sueten.
1118 4241 1201 4307 calig.
1217 4255 1241 4296 c.
1257 4244 1298 4296 ta.
