3075 4917
99 325 109 338 ’
170 362 197 414 J.
210 364 241 414 c.
254 361 308 426 su]
333 362 337 391 ³
529 355 736 410 usnemun
761 360 835 407 ms.
859 360 910 410 vr.
1204 345 1288 416 :sos

171 501 267 564 bello¹
299 497 531 585 Capitolium,k
568 502 722 584 quaesitis
738 499 863 581 Sumo,l
891 503 992 582 Ilios
1013 503 1198 589 .Erythris,¹²
1223 521 1283 589 per

171 599 335 672 Asticom⁰
346 603 449 666 etiarn
466 623 508 668 ac
525 603 690 668 Siciliamp
701 612 734 670 'et
752 606 891 670 Italicas
906 607 1068 684 colonias,
1080 608 1284 672 cauninibus

171 701 322 785 Sibyllae,
337 724 405 767 una
419 725 479 767 seu
488 706 599 787 plures
610 708 711 783 fuere,
721 707 866 790 datoque
883 707 1122 772 Sacerdotibus
1132 709 1284 789 negotio,

172 809 331 886 quantum
355 805 579 890 humanaope
602 809 800 889 potuissent,
825 829 905 873 vera
927 810 1124 876 discernere.
1172 811 1280 893 Igitur

170 909 249 969 tunc
272 909 406 989 quoque
421 908 544 971 notioni
561 906 874 986 Quindecimvirum
889 914 918 974 is
932 912 1015 974 liber
1031 912 1218 994 subjicitur.

215 1007 270 1072 13.
294 1007 419 1071 Iisdem
436 1006 647 1087 Consulibus,
671 1013 832 1091 gravitate
853 1031 992 1075 annonae
1014 1013 1119 1094 juxta
1144 1012 1282 1080 seditio:

171 1099 247 1180 irem
260 1115 414 1182 ventum:
438 1111 619 1193 multaque,
644 1117 677 1175 et
689 1114 801 1194 plnres
816 1133 874 1196 per
889 1114 971 1190 dies,
986 1114 1021 1176 in
1035 1114 1165 1178 theatro
1178 1115 1280 1178 licen:

171 1210 240 1272 tius
254 1207 446 1289 efflagitat&
463 1229 562 1292 quam
578 1212 714 1275 solitum
728 1212 903 1277 adversum
919 1213 1176 1296 Imperatorem:
1203 1217 1280 1297 quis

173 1318 371 1389 commotus
412 1314 579 1378 incusavit
608 1314 827 1397 Magistratus
853 1316 1048 1399 Patresque,
1072 1317 1187 1400 ‘quod
1214 1335 1281 1381 non

173 1412 312 1496 publica
340 1414 537 1477 auctoritate
563 1415 727 1497 populum
755 1417 980 1481 coercuissent
990 1417 1032 1483 dt
1076 1418 1280 1503 addiditque,

174 1515 317 1598 ‘quibus
332 1534 350 1577 e
364 1516 559 1598 provinciis
584 1525 617 1582 et
631 1526 754 1601 quanto
769 1519 940 1603 majorem,
967 1540 1069 1606 quam
1084 1518 1282 1602 AugustuS,¹

170 1694 233 1753 erut,
251 1694 303 1752 post
317 1695 445 1739 crematum
460 1692 573 1740 sociorum
591 1697 656 1741 motu
677 1692 831 1755 Capitolium,
850 1694 938 1743 accitis
954 1693 1033 1756 Sumo,
1053 1693 1101 1741 llio
1121 1698 1146 1741 et
1158 1693 1283 1755 Erythris,

170 1755 364 1817 inuestigatisque
373 1755 446 1802 etium
455 1756 482 1803 iu
497 1755 584 1814 Asiieo
595 1761 619 1804 et
629 1755 723 1818 dioillo,
743 1762 767 1804 et
777 1755 820 1819 pei·
832 1757 916 1806 stolio
926 1758 1037 1817 colonius,
1055 1757 1159 1805 verubus
1174 1757 1282 1821 Stoytlo,

170 1833 214 1866 scu
224 1834 280 1878 uuo,
289 1834 329 1867 seu
342 1820 422 1881 plures
430 1820 574 1877 exemerim
590 1822 746 1882 muudoloque
754 1826 791 1869 est
806 1822 969 1871 sacerdotibus
980 1837 1046 1881 curo,
1062 1828 1175 1883 questum
1186 1822 1283 1872 tonum

170 1882 265 1943 ingenii
272 1882 304 1931 ot
318 1885 431 1943 calerent,
445 1898 569 1944 germanos
580 1885 724 1946 poenosque
734 1885 884 1944 dignoscere.
896 1891 900 1898 '
918 1887 1006 1950 Itaque
1017 1892 1071 1934 tuuc
1082 1887 1155 1933 eliom
1166 1885 1211 1933 isle
1221 1900 1282 1936 com·

172 1945 302 1997 moerim
311 1947 459 1995 submittitur
469 1947 597 2008 cognitioni
608 1949 862 2003 Quindecimcirorom.
888 1961 905 1975 ’¹
927 1969 929 1972 ·

206 2010 256 2058 Sul
266 2010 348 2059 iisdem
361 2012 503 2072 consulibus,
514 2012 595 2074 iuopia
605 2013 641 2060 rei
653 2011 825 2070 frumentario
836 2012 894 2070 scre
902 2015 933 2061 od
943 2014 1085 2062 discordiam
1095 2028 1226 2076 processum
1236 2018 1282 2062 est.

173 2074 325 2137 Plurimaque
336 2079 360 2123 et
368 2089 413 2137 per
422 2078 506 2123 multos
516 2075 568 2125 dies
577 2079 639 2139 epod
650 2077 770 2125 theutrum
778 2078 894 2126 eudocius
908 2079 1057 2139 expostuloto
1070 2086 1139 2139 sunt,
1150 2093 1219 2139 quom
1229 2092 1283 2126 cou-

171 2143 264 2187 suetum
282 2145 339 2188 orat
354 2153 413 2199 ergo
428 2139 569 2202 principos.
602 2140 693 2195 Quum
710 2141 825 2199 concitus,
840 2142 926 2203 arguit
945 2145 1048 2190 consules
1062 2147 1196 2205 putresque,
1213 2141 1283 2205 quod

164 2216 226 2251 xnou
236 2202 296 2265 jure
307 2217 362 2265 suo,
378 2218 409 2251 oc
421 2209 555 2265 potestate
571 2205 689 2266 publicu,
707 2205 812 2267 plebem
826 2205 1018 2254 cohibuissent:
1036 2206 1180 2268 adjecitque·
1189 2206 1281 2268 quibus

174 2280 192 2315 e
203 2267 359 2331 regionibus,
376 2272 404 2316 et
423 2275 520 2331 quanto
538 2269 688 2333 ampliorem
707 2284 786 2334 quam
798 2270 935 2334 Augustus
950 2267 1075 2318 frumenti
1092 2270 1193 2333 copiam
1205 2269 1283 2318 edve-

678 2383 785 2465 uocis

175 2522 296 2589 Augusti,
311 2541 344 2575 ex
359 2525 545 2591 ‘Chronologiis
565 2528 670 2578 Petarii
680 2535 708 2578 et
749 2523 819 2588 urbs,
830 2527 871 2575 vel
884 2526 969 2590 potius
990 2527 1084 2587 Gamo,
1095 2525 1156 2574 villa
1168 2524 1283 2575 Natoliae

168 2601 316 2651 Prnaooe.
337 2594 457 2653 Tallemou.
749 2601 913 2666 prefecturae
928 2601 975 2650 sub
990 2601 1099 2651 Tuscico
1115 2600 1226 2665 imperio
1245 2597 1282 2649 'A-

207 2674 220 2707 ¹¹
238 2677 393 2741 Capitolium]
419 2679 496 2728 Mons
509 2675 709 2742 Octavoereg'io·
734 2676 860 2736 ,siatico;
878 2690 911 2726 ex
923 2676 1025 2726 Chattis
1037 2677 1078 2739 ph.
1097 2678 1122 2725 la
1134 2677 1202 2737 Rue,
1221 2676 1284 2725 San-

166 2749 215 2800 niis
231 2753 345 2817 autiquae
358 2754 461 2801 Romae:
479 2754 709 2817 hodieCompidog·
748 2752 826 2814 sonis,
847 2754 876 2799 et
895 2751 1006 2811 Blaeur3
1040 2759 1067 2802 et
1096 2752 1234 2802 Itinerorio
1254 2751 1282 2804 J.

174 2826 207 2874 lio
217 2827 301 2891 Italis,
310 2867 312 2870 .
321 2833 348 2875 et
361 2828 467 2892 Copitoie
486 2829 592 2876 Francis
604 2844 612 2889 ;
627 2829 653 2876 in
667 2837 708 2876 re·
748 2827 827 2895 Spon.
846 2827 920 2878 luem.

174 2902 250 2964 giorm
262 2902 295 2950 sb
307 2902 363 2965 ipso
379 2902 451 2952 dictu
462 2903 618 2966 ’complicita
637 2910 665 2951 et
682 2902 708 2951 in
770 2910 793 2935 ‘⁰
802 2899 924 2965 Africum]
937 2897 1088 2964 Intelligere
1100 2903 1201 2952 videtur
1212 2902 1283 2954 Afri.

165 2981 252 3040 ‘perte
273 2976 437 3026 reremedio
455 2979 545 3027 Romae
567 2978 708 3026 modernae.
748 2992 805 3026 cam
824 2979 986 3035 Citeriorem,
1001 2980 1061 3028 'sive
1082 2994 1152 3028 oram
1173 2980 1283 3042 Septen·

174 3052 265 3116 lnlroc
275 3059 365 3103 monte
376 3053 426 3101 sita
437 3052 543 3102 fuerunt
555 3054 626 3102 veria
637 3055 709 3103 Deo·
748 3055 885 3103 trlouclem
903 3053 1003 3102 Africae
1020 3054 1051 3101 ad
1067 3060 1141 3101 'mare
1158 3054 1284 3105 Mediter-

175 3145 232 3179 rnm
242 3131 340 3194 templa
351 3136 378 3179 et
389 3129 440 3179 sliu
450 3129 568 3179 edificia.
586 3132 659 3180 Idem.
748 3141 933 3195 raucumque
947 3127 1067 3176 Romanis
1080 3127 1181 3189 paruit:
1204 3127 1281 3177 hodie

180 3204 215 3238 “¹
231 3205 315 3284 Somp]
334 3207 423 3255 Sarnos
439 3208 482 3255 rel
499 3195 599 3268 Samus,
615 3207 709 3254 insula·
747 3205 865 3266 uocatur,
883 3209 912 3252 ut
926 3201 1072 3266 plurimum,
1085 3217 1129 3250 ora
1146 3202 1284 3267 Barbarie,

175 3296 230 3331 rum
242 3281 385 3347 Sporadum
396 3296 454 3343 uno,
469 3282 495 3327 in
507 3282 571 3328 mari
582 3280 669 3343 AEgaeo
681 3287 709 3330 et
748 3278 796 3327 sub
809 3278 931 3328 clientela
942 3280 1093 3341 Tuscorum,
1104 3283 1153 3329 &e
1172 3278 1248 3328 Idem.

174 3361 256 3420 prope
265 3355 366 3404 Ioniam
377 3355 536 3417 provinciam
546 3352 617 3403 Asrae
629 3357 709 3405 mino·
772 3361 793 3394 Ῥ
805 3354 925 3416 Siciliam]
937 3354 1035 3415 Sicilia,
1046 3354 1129 3402 insula
1140 3354 1282 3404 merisMo-
1297 3409 1300 3412 ,

176 3431 227 3481 ris:
245 3431 321 3479 hodie
333 3430 405 3478 Suom
418 3431 460 3478 vel
471 3430 567 3489 Somou,
579 3432 605 3478 in
618 3430 709 3480 Archi·
749 3429 890 3478 diterrouei
909 3435 937 3477 et
956 3429 1041 3477 italie
1059 3429 1187 3491 proximo:
1205 3429 1282 3484 hodie

175 3507 269 3570 pelago
280 3520 361 3571 prope
374 3505 514 3567 Natoliam,
526 3512 601 3567 paret
610 3506 708 3556 Turcis.
751 3519 845 3553 nomen
858 3504 992 3568 antiquom
1004 3505 1100 3553 retinet
1112 3506 1181 3564 apud
1193 3506 1285 3568 Italos,

175 3583 252 3634 Idem.
748 3580 844 3628 Franci
856 3594 917 3628 vero
929 3577 1001 3629 Sicile
1013 3588 1119 3629 vocant:
1139 3587 1215 3644 paret
1227 3582 1285 3645 regi

208 3657 226 3689 ’ἱ
244 3657 302 3723 Ilio]
321 3656 397 3705 Ilium
406 3657 448 3704 vel
458 3655 548 3718 Troja‚
559 3655 621 3703 urbs
629 3655 708 3702 Tros·
748 3654 892 3705 catholico.
910 3657 985 3705 Idem.
1269 3701 1272 3710 ,

176 3727 216 3782 dis
226 3733 380 3798 provinciae,
399 3739 427 3807 et
445 3731 582 3794 aliqnando
598 3729 708 3792 Trojeui
780 3737 793 3770 ‘l
811 3730 874 3791 Nou,
884 3732 923 3792 tfc.
934 3732 1044 3793 populum
1055 3728 1222 3794 co'e'rcsisseut]
1237 3729 1282 3779 Sic

175 3808 250 3872 regni
272 3814 368 3872 caput:
394 3806 470 3855 hodie
493 3805 572 3854 ruinre
592 3804 709 3852 visuntur
749 3805 817 3854 enim
829 3812 945 3860 metuere
963 3805 1282 3872 sibi,rusgisquau1prin·

175 3885 203 3934 lu
214 3884 328 3934 Natoliae
338 3880 510 3945 praefectura,
526 3888 554 3929 et
564 3882 590 3929 in
600 3879 708 3928 Turcico
750 3881 802 3943 cipi
813 3889 858 3929 ent
875 3880 988 3942 Reipub.
1008 3886 1035 3929 et
1054 3880 1192 3928 connivere
1203 3880 1283 3927 licen·

176 3960 287 4026 imperio
297 3957 421 4006 Asiatico.
440 3957 515 4005 idem.
750 3957 794 4004 tiae
807 3956 890 4020 plebis
904 3954 1066 4017 videbuntur,
1079 3967 1130 4002 non
1145 3955 1200 4003 sine
1211 3953 1283 4019 flagi-

180 4043 185 4050 ·
208 4043 221 4068 ¹¹
238 4032 364 4097 Erythris]
388 4032 519 4095 Eryttrree,
534 4031 602 4080 ‘urbs
628 4031 710 4079 Ioniae
750 4030 913 4093 tiopublico.

175 4109 328 4177 provinciae,
348 4106 382 4156 ed
393 4119 462 4176 mare
473 4104 599 4170 AEgaeum,
610 4107 638 4155 in
649 4104 712 4153 Asia
782 4112 792 4138 ¹
808 4105 934 4167 Maiorem,
942 4117 1012 4166 quum
1020 4102 1157 4166 Augustus]
1173 4103 1282 4170 Aliquid

175 4177 292 4242 moeres
314 4182 396 4235 bodie
413 4183 527 4251 Erythri,
549 4184 591 4232 vel
609 4183 712 4236 Erillus
748 4181 798 4232 lro'c
809 4178 843 4232 de
861 4189 891 4229 rc
910 4177 1001 4246 scripsi
1019 4178 1046 4230 in
1062 4179 1160 4232 Electis
1171 4193 1230 4246 cap.
1247 4181 1282 4236 de
