3075 4917
252 368 318 437 728
604 395 639 441 a.
661 393 842 448 curantur
866 395 994 449 rrum
1192 410 1354 476 [numa.

251 529 377 614 copis?
408 527 611 617 coepimem
635 555 716 601 cum
738 542 895 608 nmine
921 540 1182 628 conjurationem
1207 545 1350 638 disjecit.

251 630 450 717 Missusque
462 635 634 702 s-Coesare
645 657 789 724 propere
798 640 925 723 Sosius,
948 645 1127 726 Tribunus,
1142 669 1220 715 eum
1235 653 1352 720 valide

178 780 182 786 -
250 751 362 811 mauu,
395 736 527 804 Ducem
552 739 674 821 ipsun,
702 747 736 807 et
761 744 936 825 maximos
966 746 1146 827 manuscr
1172 753 1207 815 iu
1235 756 1351 820 urbem

249 840 363 914 murm,
391 838 464 921 jam
487 839 664 923 trepidam,
687 843 732 907 ub
755 844 994 912 mmumdtnsn
1015 849 1238 932 iarariliaomu,¹
1270 874 1349 938 qum

249 938 410 1020 gliscebat
422 942 626 1020 immensum,
642 944 767 1009 minure
781 947 816 1010 in
830 947 902 1011 dies
915 948 1013 1030 plebe
1025 951 1176 1033 ingenua

249 1159 342 1231 otmar
353 1156 449 1232 agnes
466 1157 648 1233 ciasrlmiorum,
671 1166 875 1227 mumpsatcmqso
889 1168 940 1213 ium
953 1166 1071 1229 mamper
1083 1167 1278 1230 mirationem
1292 1182 1348 1231 poc·

247 1222 306 1269 culct
316 1220 517 1296 duturdacotque:
532 1223 642 1286 misitque
655 1226 737 1274 rtatim
751 1226 860 1277 Tiberius
871 1228 967 1278 Staium
976 1229 1095 1279 tudunum
1105 1247 1157 1280 cum
1166 1231 1249 1296 firmis
1265 1233 1349 1296 copiis,

247 1286 288 1349 oui
299 1288 416 1333 auctorem
426 1300 501 1349 opum
511 1285 613 1350 beuter
623 1289 720 1339 intimos
727 1291 851 1354 satellites,
859 1307 900 1342 ocu
908 1294 1029 1357 macinas
1036 1296 1116 1356 maiia
1123 1295 1240 1356 factionis
1247 1296 1349 1345 Romam

247 1348 358 1412 mancio,
368 1348 419 1412 ium
429 1351 526 1425 anaim
536 1354 559 1426 cl
567 1353 688 1415 umidam,
705 1353 733 1403 oi
741 1369 864 1408 umorum
874 1357 993 1419 ingentem
1006 1359 1164 1422 comitiorum,
1178 1360 1219 1423 qui
1229 1359 1349 1411 crescebat

247 1414 300 1462 sias
308 1414 383 1478 modo,
395 1414 516 1479 dqimcotc
526 1423 687 1480 mmuooteque
698 1419 723 1467 in
733 1418 784 1468 diss
793 1421 877 1485 populo
888 1422 968 1474 libero.

305 1563 316 1598 k
708 1559 888 1582 ‘centonem

248 1674 282 1722 sit
293 1672 411 1722 absurda.
435 1672 590 1723 smum-r
608 1674 650 1723 lta
661 1674 795 1728 MaFlou
809 1676 946 1730 Rhenanus
957 1683 985 1726 et
1002 1677 1169 1727 recentiores.
1203 1677 1274 1726 Male
1296 1677 1348 1727 Be·

248 1737 539 1799 coniunctissimum.
556 1738 638 1789 Idem.

741 1880 851 1932 NOTAE

246 1995 358 2055 mor
369 1989 481 2054 rebqsos
492 1990 774 2056 preciosissimum,
815 2008 862 2059 uer
874 1995 899 2044 in
916 1995 1005 2044 illudis
1022 1994 1074 2043 dno
1092 1995 1260 2057 ilaastaresr
1270 1995 1347 2061 Syra·-

245 2076 291 2115 snt
309 2071 381 2114 certe
402 2065 490 2115 Sicisra
507 2065 635 2133 habuisse,
659 2072 774 2120 externis
814 2084 922 2120 somnus
934 2076 961 2120 et
973 2070 1158 2135 Lilybetanum
1174 2070 1279 2134 isiodus.

243 2140 383 2206 provinciis
393 2142 621 2205 imperionondnm
633 2146 772 2208 adjunctis.
847 2149 927 2211 Cales,
946 2147 1022 2197 hodic
1039 2148 1107 2196 Goloi
1124 2147 1186 2198 urbs
1202 2154 1279 2198 terrae
1293 2149 1343 2197 La-

245 2222 297 2269 Eas
318 2223 382 2281 puto
404 2218 441 2267 sic
464 2218 672 2283 constituendas3
697 2222 773 2288 (quid
813 2221 882 2272 boris
891 2223 917 2271 in
930 2238 1010 2287 regnu
1022 2222 1203 2287 Neapolitano.

245 2299 322 2360 enim,
337 2295 388 2345 nisi
406 2293 550 2360 arbitrium,
567 2297 730 2360 interponam
746 2300 773 2350 in
844 2296 856 2331 b
871 2299 994 2363 Dispositis
1004 2298 1176 2348 classiariorum
1191 2298 1270 2361 copia]
1286 2299 1344 2347 Dn-

243 2390 272 2426 ro
290 2370 427 2436 obseurai)
457 2373 597 2435 Aquarium,
625 2373 686 2423 vide
708 2376 773 2425 anti-
813 2372 856 2422 bia
866 2380 906 2423 ast
915 2373 1105 2438 interpretatio,
1116 2387 1164 2436 pro
1173 2370 1298 2422 militibus
1310 2387 1343 2421 an

244 2466 310 2518 quus
319 2464 389 2502 meas
403 2451 420 2499 l.
437 2462 457 2498 r.
468 2465 492 2498 c.
503 2453 543 2499 lt.
560 2450 615 2499 sive
632 2451 773 2502 Frumento·
813 2447 952 2513 remigibus
962 2448 1149 2510 habendisint3
1162 2463 1220 2498 nam
1229 2449 1275 2499 iilo
1285 2464 1344 2499 sen·

242 2531 315 2592 rim,
333 2525 432 2577 Ostia:
449 2525 522 2589 cujas
541 2526 639 2576 mentio
656 2517 774 2577 Ciceroni
814 2530 1074 2589 susspectum.
1092 2523 1273 2589 reperiuntur:
1291 2539 1344 2574 rna·

242 2619 291 2668 pro
314 2604 362 2654 ca.
382 2602 500 2664 Plancio,
523 2616 570 2665 pro
592 2603 726 2654 Murano:
745 2612 774 2653 et
813 2601 851 2665 gis
861 2609 946 2651 tamen
955 2608 1003 2664 est,
1014 2605 1044 2651 nt
1055 2600 1088 2650 de
1100 2600 1223 2650 militibus
1231 2601 1343 2665 accipia-

242 2678 451 2743 Interrogatione
467 2678 494 2727 in
515 2678 651 2728 Vatinium
668 2685 772 2743 testem,
812 2693 878 2740 mus,
896 2678 977 2743 quiin
993 2675 1134 2726 biremibus
1150 2674 1296 2740 iisiaerint,
1313 2682 1342 2726 nt

243 2756 285 2806 cai
305 2755 437 2805 Quaestori
456 2758 574 2808 oratura
593 2754 670 2803 marIs
686 2753 773 2818 inferi,
811 2752 970 2803 deducerent
982 2750 1049 2800 forte
1062 2764 1147 2815 naves,
1164 2757 1193 2800 et
1203 2751 1234 2801 iis
1251 2752 1341 2816 prasi·

241 2830 377 2882 subvectio
387 2828 520 2889 immenti,
530 2842 572 2878 res
582 2829 695 2893 nautica,
711 2830 772 2879 alia-
811 2827 853 2876 dio
864 2834 950 2876 essent
959 2832 1050 2876 contra
1061 2825 1110 2874 vim
1122 2840 1318 2891 quamcumque.

242 2920 293 2971 que
310 2904 373 2955 talia
390 2918 467 2954 cura.
498 2903 641 2954 Secundmn
654 2903 773 2955 wacon
843 2903 886 2952 Sic
908 2903 975 2954 enim
997 2902 1114 2966 intelligo
1136 2902 1205 2968 quod
1227 2903 1341 2965 dixerat,

240 2981 360 3032 Arimini.
377 2980 497 3030 Meminit
508 2979 647 3029 Suetonius
658 2979 683 3029 in
696 2979 772 3031 crau.
811 2979 864 3029 ‘ad
890 2995 949 3029 usus
969 2978 1163 3029 commeantium
1183 2977 1228 3028 ilio
1249 2978 1340 3029 marir'

241 3058 295 3121 dio,
314 3073 338 3108 c.
354 3061 396 3108 ut.
424 3058 574 3107 ‘Detracta
591 3056 770 3108 Quaeormibm
810 3069 861 3104 non
873 3056 934 3104 utin
943 3054 1005 3118 ipsis
1014 3055 1053 3104 bis
1061 3053 1201 3107 biremibus
1209 3068 1252 3103 eos
1260 3060 1340 3105 uaris·

242 3131 361 3184 Ostiensi
375 3139 404 3182 et
414 3131 518 3182 Gallica
528 3132 671 3195 pruvincia,
682 3147 770 3182 curam
810 3131 907 3196 portari
919 3130 1079 3195 reportnrive
1089 3143 1195 3180 necesse
1207 3127 1294 3180 iberit.

242 3208 327 3259 aerarii
344 3207 448 3258 Saturni
469 3206 600 3257 reddidit!
630 3207 717 3257 Video
735 3197 770 3258 ibi
841 3208 943 3258 anbat
961 3208 1003 3258 bic
1028 3208 1097 3274 quud
1124 3210 1341 3273 interpretantur,

240 3283 323 3332 vuum
335 3283 522 3346 doctumvelle,
532 3283 627 3332 collium
634 3284 771 3346 prouincia:
809 3288 936 3338 claodaoiis
945 3288 1080 3353 φιὶὸιωᾱωη
1088 3275 1247 3354 (indefinite)
1262 3288 1345 3337 amito*

241 3358 343 3407 erudite
364 3355 448 3408 fateor
468 3364 499 3408 et
517 3365 612 3419 acurc3
638 3366 665 3407 et
684 3365 769 3409 tamen
808 3364 909 3414 coactis:
926 3373 1049 3430 tanquam
1066 3365 1109 3414 alii
1120 3365 1338 3429 intelligerentur,

240 3432 350 3482 sustinet
360 3434 529 3482 assensionem
540 3448 622 3483 meam
636 3434 769 3485 Plutarchi
810 3455 885 3504 qnam
902 3439 951 3505 ,qui
972 3442 1000 3491 in
1020 3440 1159 3491 biremibus
1180 3446 1272 3490 erant:
1294 3439 1337 3490 alii

240 3509 312 3560 locus
322 3510 452 3559 Sertorio:
466 3524 541 3574 quem
551 3511 714 3563 Quaesturam
725 3513 768 3561 de·
809 3522 934 3566 utrantos
949 3517 1036 3580 potius
1053 3516 1192 3567 videantur
1202 3531 1279 3581 qnam
1291 3516 1337 3565 mi·

240 3586 369 3650 signatum
388 3585 426 3636 ait
442 3585 534 3635 Gallia!
550 3586 767 3651 circumpadana.
808 3592 876 3643 lites.
893 3592 1002 3643 Freinolr.
1036 3593 1089 3644 Per
1105 3592 1245 3653 cursorios,
1262 3592 1338 3641 intel·
1413 3591 1417 3596 ’

239 3662 337 3725 Tardus,
358 3664 452 3728 inquit,
470 3662 631 3713 &sciolorum
651 3665 695 3723 τῆς
715 3665 767 3730 περὶ
806 3668 868 3732 lige,
886 3668 990 3718 milites.

240 3737 454 3792 ndloclatorisr.
486 3741 599 3790 Tertiam
612 3741 766 3805 Calibus,ad
839 3743 1120 3807 ⁰Proccimosoudocicc]
1136 3742 1337 3805 idemesscpu·

239 3816 394 3868 Vulturnum
401 3813 509 3865 flumen:
522 3817 693 3880 quiQaaestor
703 3824 769 3868 trac·
803 3820 914 3885 *tenuod
925 3821 951 3869 in
966 3818 1135 3870 celeberrima
1151 3821 1180 3870 1..
1214 3818 1337 3883 Quisquis

238 3892 278 3941 tui
305 3893 436 3957 camum
467 3891 631 3957 Sidicinoque
663 3893 768 3958 prefuit
806 3895 928 3958 satellites,
948 3896 1095 3960 interprete
1116 3892 1334 3945 ct.Go‹10f1·edo.

238 3967 402 4019 Brundisium
420 3983 509 4033 usque.
543 3969 667 4020 Quartam
684 3971 767 4021 adhuc
807 3971 889 4022 Abire
917 3971 1019 4021 videtur
1053 3970 1179 4034 nonnihil,
1205 3970 1336 4034 proximos

238 4059 340 4109 quar03
353 4044 765 4112 nisisifueritinSiciliaLilybaei:
806 4054 925 4096 auctores
934 4046 1084 4107 seditionis;
1099 4058 1158 4095 nam
1176 4045 1204 4095 in
1219 4044 1337 4109 prasinis

239 4130 400 4186 argumento,
421 4123 489 4187 quod
508 4137 539 4172 ea
562 4123 645 4187 prima
664 4123 766 4186 provin·
805 4125 910 4178 audacia
921 4130 1119 4186 peierantem,
1138 4123 1181 4187 qui
1190 4119 1246 4187 jam
1257 4126 1335 4170 motor

239 4199 337 4248 ciarum
347 4195 434 4258 iacta3
445 4205 473 4248 et
484 4198 640 4263 quodetiam
651 4198 765 4249 inferiori
805 4206 833 4250 et
858 4199 1015 4251 confirmata
1036 4200 1156 4252 seditioni
1177 4204 1336 4251 momentum

167 4313 169 4316 -
240 4266 381 4340 eumcum
392 4275 485 4325 missus
500 4275 684 4339 illucProetor,
700 4290 765 4325 sem·
805 4277 957 4330 attulerant.
973 4276 1084 4328 Franci.
