3075 4917
201 360 512 427 [ammian]
553 353 556 359 ’
634 354 842 406 suururuu
867 340 939 406 ira.
963 357 1015 410 iv.
1235 341 1303 418 ’ἲῶ

243 507 298 573 17.
320 506 474 572 Cornelio
495 506 656 589 Cethego,
672 506 817 573 Visellio
831 506 985 573 Varrone·
994 507 1093 572 Cosa.
1107 507 1299 589 Eontifioas,

199 627 379 692 eorumque
399 610 555 693 exemplo
576 608 677 673 uetari
701 606 913 684 Sacerdotes,
938 628 1013 672 oum
1035 612 1116 691 ‘pro
1129 610 1304 696 incolumi<

200 713 283 775 tate¹
308 710 487 794 Principis'
513 715 593 777 vota
619 710 858 793 srusroiperent,y
887 709 1081 774 ‘Neronem’
1108 730 1245 824 quoqpe
1267 716 1301 777 et

232 898 340 949 cenae
349 899 452 962 Cethego
462 899 558 950 Visellio
568 899 673 950 Vnam
682 900 748 949 Coss.
756 898 897 964 Pontifices,
903 914 1026 962 eorumque
1033 899 1128 949 imitatu
1134 901 1219 965 reliqui
1224 917 1302 952 meer-

198 964 387 1027 dotes,cumpro
394 965 478 1014 salute
485 965 595 1015 Caesaris
602 968 832 1027 wtaasrcapomt,
839 978 887 1030 pro
897 963 920 1012 N
923 978 1001 1014 eronc
1008 967 1081 1013 etuas
1088 969 1112 1015 et
1121 965 1208 1016 Druso
1219 967 1301 1017 eodem

698 1110 811 1162 NOTAE

197 1211 238 1264 vis
253 1214 437 1280 posthabitam,
447 1215 533 1266 decies
543 1216 657 1267 sestertii
668 1216 730 1267 dote
768 1216 876 1269 Sueten.
886 1215 1005 1278 ianlio,
1024 1216 1084 1266 etei
1099 1216 1222 1266 aduersus
1242 1215 1304 1265 rell-

198 1290 365 1349 mistusestss
396 1291 483 1342 Utita
504 1306 556 1341 oon
576 1295 670 1341 mirum
691 1291 731 1341 fn·
770 1305 834 1356 qnos
855 1293 1021 1356 magistratus
1042 1292 1103 1355 juro
1126 1298 1300 1341 sacrosanctae

198 1363 250 1413 erit
261 1364 368 1429 duplum
378 1366 432 1429 ejus
448 1367 575 1429 menie,
589 1367 659 1429 baie,
671 1382 729 1431 quae
769 1367 909 1430 potestatis
925 1365 1035 1415 tribunis
1052 1365 1120 1429 pleb.
1132 1365 1301 1414 intercedere

199 1437 362 1503 capiebatur,
379 1440 483 1490 datam:
508 1439 624 1490 efficiunt
644 1447 729 1491 autern
767 1442 874 1506 liceret,
880 1441 918 1492 ita
925 1448 962 1505 ot,
973 1456 1023 1491 uno
1034 1440 1224 1503 intercedente,
1235 1441 1299 1491 nibil

199 1513 253 1564 HS.
266 1528 318 1566 xx.
335 1515 441 1566 circiter
456 1516 643 1583 quinquaginta
658 1532 730 1567 num·
769 1516 861 1581 reliqui
888 1516 1027 1567 decernere
1053 1518 1191 1569 valerent:‚
1212 1523 1298 1570 tumen

198 1604 298 1639 morum
320 1590 386 1653 lurp.
407 1590 503 1653 millia;
531 1598 655 1656 quantum
678 1591 730 1656 agi·
768 1599 860 1644 contra
869 1594 1043 1644 Dictatoriam
1052 1594 1113 1657 vim,
1124 1600 1170 1643 ant
1179 1595 1299 1644 Vestales

198 1664 280 1714 tutori
290 1679 336 1715 suo
350 1665 489 1716 contulisse
501 1679 673 1716 successorem
688 1666 729 1716 'li-
768 1668 889 1733 virgines,
907 1682 964 1734 qua
981 1669 1054 1717 velot
1073 1676 1245 1719 sacrosancte
1264 1669 1301 1719 ab

198 1738 267 1789 berii
292 1741 383 1792 Caium
409 1741 500 1792 scribit
520 1742 626 1792 sueton.
647 1757 672 1792 a.
689 1747 730 1794 56.
767 1744 879 1793 hominia
897 1750 972 1794 tactu
990 1743 1079 1793 illaesa
1098 1744 1300 1807 munerabundi

199 1813 312 1864 Freinsb.
769 1820 933 1870 tribunorum
941 1819 1303 1886 marcennae-triveam

232 1893 319 1945 vicies
349 1896 498 1945 sestertium
530 1896 612 1962 (qnod
639 1901 729 1948 abdon.
768 1902 815 1946 aut
826 1896 964 1960 probibere
975 1893 1087 1945 seculus
1098 1901 1165 1945 erat.
1304 1893 1308 1899 “

196 1967 358 2034 Philippeos
393 1969 490 2036 aequat)
516 1972 651 2023 decretam
687 1979 730 2036 est
800 1973 874 2022 Sada
891 1972 957 2021 ister
981 1971 1120 2034 Venetiae]
1153 1972 1214 2021 Non
1233 1986 1299 2036 prae·

199 2042 328 2095 cornelia
341 2045 440 2111 virgini.
466 2048 533 2097 Sunt
543 2047 729 2113 quinquaginta
768 2045 823 2096 cise
834 2046 861 2095 in
871 2046 951 2096 decos
961 2045 1097 2110 Angusta,
1106 2046 1152 2096 aed
1169 2046 1254 2110 potius
1271 2048 1298 2098 in

109 2181 111 2190 ,
197 2120 281 2169 millia
290 2127 472 2172 coronatorum
487 2123 569 2188 (pono
579 2128 730 2174 coronatum
769 2123 850 2173 decus
861 2123 1025 2174 acerdotnrn
1041 2124 1224 2188 seuvirginuru
1233 2126 1300 2175 Ves-
1396 2183 1401 2192 ,

198 2197 289 2248 valere
307 2202 348 2247 bt).
372 2213 440 2249 asses
464 2206 553 2250 nostro
573 2198 657 2263 more)
682 2213 729 2249 seu
768 2205 814 2260 tar,
841 2214 899 2265 qaae
926 2200 966 2249 sic
991 2200 1073 2264 magis
1099 2200 1241 2262 bonoratae,
1268 2206 1299 2250 ut

198 2279 306 2325 centurn
317 2282 344 2325 et
354 2276 542 2340 quinquaginta
559 2275 640 2325 millia
653 2274 729 2325 libra·
767 2274 911 2339 ‘promtior
927 2274 1027 2323 animas
1037 2273 1106 2324 foret
1117 2275 1151 2324 ad
1161 2288 1300 2338 capessen-

198 2362 265 2400 rum.
686 2371 688 2374 ·
768 2349 815 2400 das
836 2349 1012 2412 conmunire}
1033 2349 1131 2412 uteie,
1157 2350 1299 2414 ‘glisceret

231 2432 248 2459 '
265 2424 338 2476 Sedes
356 2427 419 2477 ister
444 2427 584 2491 Vestalium]
628 2428 728 2481 Quibus
768 2426 883 2491 dignatio
900 2425 1086 2487 sacrdotunrf
1104 2440 1163 2476 curu
1180 2439 1220 2475 ear
1238 2439 1300 2489 per·

199 2499 411 2565 loeuseregioue
426 2504 559 2555 Praetoris.
590 2504 727 2555 Suetonius
768 2505 1043 2568 soooe‚quassrqiestos
1058 2503 1299 2567 complectiturqu-

200 2574 356 2639 Δημώ.
371 2577 454 2628 ‘Solis
470 2578 619 2642 Virginibus
635 2581 727 2629 Vesta·
767 2585 810 2629 ter
836 2593 880 2628 eas
907 2578 998 2627 sedere
1023 2577 1200 2641 dignarentur.
1230 2577 1298 2628 ded

199 2650 266 2700 libus
276 2651 360 2700 locum
373 2652 401 2700 iu
416 2653 518 2703 theatro
535 2659 682 2717 eeparatunr
699 2659 728 2704 et
767 2654 844 2704 lictor
854 2654 979 2717 Augusta
998 2666 1136 2703 concessus
1154 2652 1298 2704 inritatione

197 2732 292 2777 contra
301 2728 421 2790 prataria
431 2728 545 2779 tribunal
555 2729 645 2780 dedit:
767 2731 921 2792 Vestalium,
932 2730 1024 2795 quibus
1035 2729 1062 2778 id
1074 2728 1154 2778 decus
1170 2729 1297 2779 tributum

231 2804 294 2853 Huc
311 2805 426 2868 respexit
443 2806 548 2856 Sueton.
564 2806 674 2870 August.
684 2811 727 2857 81.
766 2822 783 2856 a
793 2806 955 2856 Triumvirie.
974 2805 1044 2855 ⁴Dio:
1057 2807 1065 2833 ‘
1076 2805 1225 2868 Virginibus
1237 2819 1298 2869 por·

198 2879 384 2931 ‘Sacerdotum
395 2887 423 2930 et
435 2895 567 2931 nnmerum
577 2888 606 2932 et
616 2882 728 2947 dignita·
767 2900 798 2934 ro
817 2884 964 2935 Vestalibus
986 2883 1123 2947 dederuut,
1143 2888 1172 2932 nt
1191 2881 1298 2946 singulis

197 2952 314 3019 tem,sed
322 2962 349 3006 et
357 2956 489 3006 commoda
497 2957 583 3007 auxit:
595 2959 727 3022 precipue
768 2960 904 3011 lictoribus
920 2964 1071 3009 uterentur:
1088 2974 1120 3008 eo
1139 2958 1208 3021 qood
1227 2971 1298 3021 qure-

198 3033 345 3083 Vestalium
359 3034 623 3099 virginumqueqoe
640 3035 668 3083 iu
686 3036 730 3084 de·
767 3036 827 3086 dam
838 3050 872 3084 ex
882 3036 913 3084 iis
925 3050 941 3084 a
952 3048 1027 3083 crena
1043 3033 1091 3082 snb
1101 3046 1235 3095 vesperam
1251 3030 1298 3081 do·

197 3116 308 3161 mortuae
326 3111 410 3160 locum
427 3111 500 3161 aliam
519 3111 578 3174 oapi
588 3117 729 3175 oporteret,
768 3126 837 3160 mum
857 3115 1005 3173 revertens„
1017 3122 1086 3170 cnm,
1097 3122 1155 3171 quae
1171 3112 1248 3169 esset,
1259 3106 1297 3170 ig·

196 3186 617 3251 ambirentquemultinefiliasiu
632 3192 728 3236 nortem
767 3184 976 3245 notaretur,vinr
994 3198 1071 3247 passa
1085 3181 1186 3233 fuerat?
1220 3181 1298 3234 Quod

199 3262 307 3311 darent:
325 3261 463 3325 adjuravit,
472 3262 494 3310 si
504 3261 654 3326 cujusquam
667 3274 728 3324 nep-
768 3261 837 3311 idern
848 3261 925 3310 etiam
936 3266 1028 3323 postea
1042 3273 1191 3309 concessum
1202 3257 1298 3323 Agrip·

198 3337 263 3387 tium
274 3349 376 3388 suumn
396 3342 557 3401 competeret
576 3341 649 3400 retas,
658 3336 728 3385 obla·
767 3338 836 3402 pinea
847 3337 923 3386 matri
932 3337 1055 3399 Neronis,
1066 3341 1093 3385 et
1101 3341 1230 3398 praeterea
1239 3348 1299 3383 cns·

199 3419 285 3466 turum
296 3428 324 3463 se
334 3412 414 3466 fuisse
425 3412 503 3464 earn).
767 3412 844 3463 tedes
855 3412 979 3461 Germani
989 3411 1074 3474 qniad
1084 3408 1154 3459 iores
1168 3409 1238 3457 illius
1251 3422 1298 3468 exp
1396 3409 1398 3414 ’

231 3488 284 3538 Dio
293 3489 310 3538 l.
322 3502 364 3539 nv.
382 3489 465 3538 ‘Cum
476 3488 576 3540 nobiles
586 3487 728 3553 agrefiliae
768 3487 903 3548 nuberent,
913 3488 1097 3550 stiparentque.

199 3578 257 3614 suas
275 3564 302 3612 iu
316 3563 459 3627 Collegium
470 3563 610 3616 Vestalium
627 3563 728 3625 darent,
799 3569 813 3595 ¹
831 3563 891 3613 Coss
900 3577 944 3625 pro
953 3561 1121 3622 holmum,
1130 3560 1184 3625 tra]
1206 3559 1297 3608 Prima

197 3640 388 3697 lexlataest,
411 3644 493 3690 uteo
517 3638 666 3688 sacerdotio
688 3637 728 3687 nti
767 3638 920 3689 decennalia
929 3637 1035 3687 liberii.
1069 3638 1147 3699 Lege,
1165 3650 1223 3699 quas
1239 3646 1298 3682 nar-

199 3716 281 3766 edane
289 3714 431 3779 virginibus
446 3714 573 3764 libertinis
589 3706 690 3776 liceret,
700 3719 728 3762 et
767 3719 809 3763 rat
826 3714 915 3763 Diol.
935 3727 996 3763 uin.
1028 3713 1071 3762 Sic
1089 3709 1232 3775 antiquitus
1251 3721 1297 3759 nr.

198 3804 258 3840 cunr
279 3792 366 3854 plures
386 3790 420 3839 de
442 3805 473 3840 eu
492 3790 680 3853 disceptarent,
700 3787 727 3837 iu
767 3783 1296 3848 Nouasiauoar.fiebantvutaprosalute

197 3871 293 3916 senatu
308 3872 379 3915 sorte
401 3867 477 3918 lectar
499 3864 670 3929 presentibus
687 3875 727 3913 ea·
766 3865 937 3930 imperatorie.
972 3861 1103 3912 Prurercu
1122 3860 1216 3910 lucio.
1241 3859 1298 3908 Sol·

197 3941 424 4007 rumpatribus.’·
452 3977 455 3982 ψ
565 3971 569 3974 ἡ
720 3965 723 3970 ·
766 3940 894 3991 rebantur
914 3945 1002 3987 auteur
1022 3934 1230 4000 quinquennalia,
1250 3937 1296 3983 aut

230 4018 313 4071 Tanta
327 4015 379 4066 fuit
398 4017 539 4067 arrctoritas
551 4016 686 4079 Vrrginum
698 4019 743 4064 nt·
767 4014 924 4077 decennalia,
941 4027 989 4074 pro
1005 4011 1187 4075 quinquennio,
1202 4009 1299 4060 decen·

197 4094 365 4157 magistratus
383 4092 422 4142 eis
441 4089 574 4154 oederent,
593 4098 623 4141 nt
641 4092 727 4155 ipsum
766 4090 843 4140 niove
871 4088 1013 4152 praeterito.
1062 4086 1296 4150 suscipiebantur,

199 4170 330 4220 cesarem
342 4173 484 4230 servarent,
502 4166 673 4219 defenderant
683 4167 728 4216 ad·
767 4165 947 4217 scribebantur
957 4164 985 4213 in
997 4162 1100 4230 tabulis,
1116 4169 1145 4215 et
1161 4161 1297 4229 simbra-

199 4258 286 4298 rersus
302 4242 391 4295 odium
408 4244 487 4313 Sylla
506 4243 651 4309 (lienteria,
659 4248 728 4295 teste
767 4237 977 4312 terpretatur.
