3075 4917
254 329 322 406 ωδ
608 348 642 398 ο.
664 345 845 399 conuunn
868 346 996 398 ututur
1192 319 1354 417 [auree

256 509 323 575 qno
349 489 510 574 Princeps
534 494 714 555 ceterarum
736 509 845 554 rerum
869 491 1036 574 potiretur,
1059 490 1134 573 ipse
1148 493 1355 574 prouinciam

256 591 429 655 retineret?
474 592 576 670 Haec,
597 594 681 657 mira
705 609 907 676 quanquam,
932 591 1032 655 fidem
1053 611 1099 656 ex
1119 611 1162 655 eo
1175 593 1356 673 trabebant}

255 692 345 776 quod
373 711 460 756 unus
488 695 632 757 omnium
656 693 771 777 SeJani
795 692 960 756 atiiniumm
985 693 1163 758 incolumis¹
1187 694 1357 778 multaque

256 795 362 877 gratia
375 796 513 859 mansit:
535 801 702 878 reputante
715 795 850 860 Tiberio
862 796 1042 878 publicum
1064 796 1130 859 eibi
1155 795 1279 874 odium,
1295 815 1356 860 ex*

255 902 391 961 tremam
406 902 549 975 aetatem,
564 897 734 981 magisque
747 897 848 974 sama,
864 916 963 979 quam
976 898 1023 974 vi,
1039 902 1125 961 stare
1139 917 1190 961 res
1204 899 1304 962 suaa
1320 894 1323 899 ’

299 997 353 1062 31.
368 997 406 1062 G.
419 997 544 1076 Cestio,
560 998 609 1064 M.
625 998 780 1063 Servilio¹¹
794 998 890 1063 Coss.
904 998 1032 1063 nobiles
1046 998 1177 1063 Partbi⁰
1189 1001 1224 1063 in
1238 1001 1355 1064 urbem
1395 999 1397 1003 ’

191 1122 196 1130 ’
256 1117 387 1181 venere,
414 1099 529 1181 ignaro
552 1120 628 1183 rege
649 1098 834 1165 Artabano.
878 1098 927 1177 Is,
942 1105 1032 1165 metu
1047 1099 1254 1166 Germanicip
1267 1097 1354 1166 fidus

256 1197 430 1280 Romame,
445 1203 620 1286 aequabilis
634 1203 671 1265 in
690 1221 781 1279 snoS,
796 1221 877 1266 mox
898 1202 1096 1285 superbiam·
1110 1202 1145 1265 in
1166 1223 1240 1280 uos,
1256 1197 1356 1268 serii

257 1301 339 1364 tiam
373 1303 408 1364 in
444 1302 625 1385 populares
660 1304 796 1382 sumsit3
830 1302 934 1367 fretus
960 1304 1070 1382 bellis,
1105 1324 1180 1386 qnae
1208 1305 1358 1370 secunda

256 1401 430 1467 adversum
452 1405 685 1489 circumjectas
707 1407 858 1469 nationes
882 1389 1087 1484 exercuerat,
1101 1412 1134 1469 et
1155 1412 1358 1472 senectutem

256 1502 394 1582 Tiberii,
410 1509 445 1569 ui
463 1506 645 1602 inermem,q
663 1506 864 1589 despiciens,
886 1505 1068 1589 avidusque
1081 1503 1275 1586 Armeniae,r
1288 1508 1357 1584 cui,

257 1668 343 1704 rerum
361 1656 497 1719 imperium
507 1657 646 1717 obtineret,
665 1657 722 1721 ipsc
733 1654 900 1706 Germaniam
913 1670 985 1704 suam
1000 1654 1118 1705 haberet.
1151 1654 1182 1703 Id
1192 1654 1288 1703 inmuni
1298 1654 1360 1703 inso-

255 1719 305 1767 lens
314 1719 433 1784 υἰάεαέιιν,
442 1735 474 1771 ex
484 1737 510 1770 eo
523 1722 688 1788 tamenfldem
699 1720 807 1784 babebat,
817 1722 880 1784 quod
888 1721 952 1768 solus
961 1720 1003 1768 itte
1012 1719 1115 1770 omnium
1126 1717 1209 1777 suant
1215 1719 1357 1781 prcpr‘nqw

255 1797 309 1831 enen
327 1784 459 1834 intentatus
477 1792 501 1835 et
519 1787 614 1845 iiioesrm
631 1787 779 1849 plurimaque
797 1784 939 1834 endcritate
952 1783 1057 1847 floruit:
1073 1784 1235 1831 considerante
1258 1782 1360 1850 uberto,

252 1847 372 1910 pubiicum
382 1848 429 1897 sibi
439 1850 553 1899 inuidiam
564 1850 766 1913 offensionemque,
777 1854 800 1899 et
811 1846 979 1907 exoctemfere
997 1852 1101 1907 mntem,
1120 1848 1240 1909 magique
1251 1847 1359 1909 opinione

255 1915 280 1970 et
291 1913 465 1962 existimatione
475 1915 602 1977 bominem,
611 1930 682 1978 quum
693 1915 717 1962 ci
728 1912 921 1972 dominationis,
932 1926 986 1976 opes
995 1926 1049 1959 sune
1059 1911 1116 1960 niti.

290 1975 321 2022 C.
335 1976 423 2034 Cestio,
434 1978 473 2025 M.
485 1976 585 2026 derata
597 1980 663 2028 Coss.
672 1978 789 2041 primores
797 1977 886 2026 Purtbi
897 1977 997 2025 fflmam
1004 1977 1127 2035 advenere,
1137 1974 1210 2022 inscio
1219 1987 1276 2034 rege
1283 1971 1359 2021 Arte·

256 2038 324 2087 berno.
340 2039 460 2090 Istimcre
471 2041 607 2091 Gennenici
616 2042 693 2107 fldem
707 2041 840 2090 retinuerat
856 2041 882 2089 in
903 2040 1030 2098 Romanos,
1039 2038 1174 2114 equitatem
1184 2039 1211 2085 in
1220 2051 1289 2093 που
1304 2037 1360 2085 deis

256 2103 419 2164 moguntium
427 2106 452 2153 in
462 2120 512 2167 nos,
522 2106 693 2155 imnunitutem
703 2106 729 2155 in
737 2104 920 2167 antuerpiae
925 2120 935 2161 ;
951 2104 1152 2168 elutuefldensque
1161 2102 1237 2161 beitis,
1244 2116 1298 2163 quc
1304 2115 1362 2163 pro·
1384 2120 1386 2122 >

256 2181 322 2230 spere
331 2174 436 2230 gesserat
444 2172 555 2220 adnuens
563 2170 685 2237 finitimus
698 2176 791 2232 gentes,
802 2175 826 2219 et
835 2182 946 2233 spenem
954 2172 1071 2217 senectam
1084 2166 1184 2231 Tiberii,
1198 2166 1262 2226 uelut
1280 2164 1361 2214 iubet·

758 2280 864 2332 NOTAE

257 2362 366 2426 precise
377 2363 442 2413 mori
458 2378 509 2413 oon
523 2364 691 2428 juberentur,
702 2369 789 2414 tamen
829 2360 952 2428 Nondum
963 2358 1057 2409 nubitis
1068 2363 1125 2408 erat
1135 2357 1221 2422 Sejani
1230 2356 1293 2421 tilia,
1302 2371 1362 2410 cum

256 2438 284 2487 id
295 2439 333 2488 sie
344 2439 591 2503 interpretabantur.
828 2434 916 2504 periit.

288 2514 409 2563 Indicium
415 2514 510 2577 morde]
541 2516 655 2565 Vertunt
664 2514 790 2577 imperium
860 2519 873 2545 ²¹
891 2510 1197 2575 Quemquamne]
1220 2510 1297 2560 Anno
1308 2510 1363 2560 Ro·

257 2589 355 2648 norem
371 2590 416 2639 sed
429 2591 620 2654 ptaecisemors
639 2606 691 2640 non
708 2592 789 2653 impe·
828 2604 877 2639 mae
897 2588 1010 2638 condita
1030 2593 1089 2639 788.
1107 2589 1204 2638 Christi
1219 2592 1261 2638 to.
1293 2587 1364 2638 Vide

256 2664 374 2728 rebatur,
391 2667 437 2715 sed
453 2667 618 2716 indicabatur
628 2681 674 2716 seu
685 2666 789 2717 demon·
827 2670 903 2714 notas
913 2679 972 2728 cap.
983 2668 1025 2713 28.
1046 2664 1167 2714 iittnnon.

257 2742 397 2803 atrabatum,
409 2743 481 2805 qnasi
498 2743 651 2805 necessaria,
662 2742 695 2791 ob
708 2739 790 2790 offen·
861 2748 873 2773 ⁰
889 2740 988 2790 Nobiles
1009 2740 1110 2803 Punici]
1144 2738 1274 2790 Nobilitas
1293 2738 1364 2802 apud

257 2816 356 2865 sionem
367 2816 501 2879 principis.
535 2818 600 2866 Erat
611 2817 710 2880 signum
722 2831 789 2865 mor·
828 2817 890 2868 Tac.
910 2816 1004 2879 sapius
1022 2816 1177 2879 inteltigitur
1188 2816 1221 2864 de
1239 2815 1365 2879 sauguine

258 2890 301 2954 tis,
314 2904 360 2940 sen
377 2891 439 2940 vitae
459 2890 637 2957 relinquendae
656 2891 790 2955 indicium,
831 2893 910 2955 regio.
943 2892 1070 2942 Attamen
1091 2891 1134 2940 bic
1157 2891 1242 2940 locum
1265 2890 1364 2939 babere

257 2966 466 3030 nouimperiuru.
830 2983 881 3018 uon
898 2974 998 3032 putem.
1031 2968 1123 3031 Neque
1140 2966 1208 3014 enim
1226 2964 1365 3014 verisimile

289 3042 452 3104 staminias,
468 3042 489 3092 si
499 3040 575 3090 domo
588 3041 700 3092 Caesaris
712 3041 791 3091 inter·
830 3050 879 3107 est,
890 3043 1021 3107 principer
1040 3043 1110 3107 ipsos
1131 3041 1209 3103 regiae
1227 3039 1316 3101 stirpis
1328 3040 1366 3087 le·

259 3117 409 3168 dicerentur
420 3131 542 3181 proceres
554 3118 600 3178 iili,
616 3119 698 3189 vitam
718 3120 792 3168 velut
830 3129 906 3186 gatos
918 3111 1088 3183 vaniscente
1108 3116 1178 3168 forte
1197 3130 1231 3165 ex
1247 3123 1365 3166 materno

258 3209 362 3245 exosam
390 3195 549 3259 invisamque
584 3194 734 3257 horrebant,
762 3194 790 3244 et
832 3202 1018 3261 genereortos.
1233 3220 1239 3225 ν

257 3279 368 3321 mortem
380 3271 430 3320 sibi
440 3271 575 3333 indictam,
584 3285 615 3319 ac
626 3272 698 3320 reiut
708 3271 790 3320 tacito
865 3274 963 3337 Par-tbi]
988 3271 1084 3336 Populi
1094 3270 1229 3321 Parthie:
1247 3268 1309 3317 ride
1320 3273 1366 3317 noi

254 3347 328 3410 jussu
350 3347 504 3408 imperatam
525 3346 575 3396 sibi
594 3347 790 3409 intelligebant3
830 3355 912 3401 tarn,
924 3354 949 3399 1.

259 3422 552 3486 sicinterpretabnntur.
577 3423 642 3474 Quis
652 3423 741 3472 talium
755 3423 791 3471 vi·
862 3422 1119 3485 onninamente]
1135 3418 1306 3470 Germanicus
1319 3416 1368 3467 Ar·

257 3510 320 3546 rere
340 3503 414 3560 optet
432 3497 512 3547 invito
534 3504 579 3547 aut
594 3497 690 3547 infesto
710 3498 791 3548 domi·
831 3503 909 3556 tuxia
921 3502 1021 3565 regium
1033 3498 1153 3548 diadema
1161 3496 1328 3560 imposuerat.

259 3573 792 3637 nante?Etdistingueseduioiuterindi·
864 3586 877 3621 a
899 3577 1048 3648 Senectutem
1074 3572 1175 3635 Tiberii,
1195 3576 1223 3621 ut
1243 3568 1367 3633 inermen]

258 3653 336 3698 ΝΜ
357 3655 467 3699 mortem
489 3656 517 3699 et
536 3649 657 3699 indiciam·
697 3650 793 3699 Indicia
835 3656 894 3706 Hoc
917 3662 965 3717 est,
988 3652 1078 3704 liberis
1105 3656 1248 3700 carentem.
1292 3647 1367 3697 Alias

259 3741 327 3775 mors
338 3733 367 3776 et
385 3727 513 3789 imperata
532 3726 602 3775 idem
621 3731 676 3787 est3
694 3732 722 3775 st
740 3740 792 3774 uon
832 3731 938 3782 enimin
960 3734 1096 3780 senectute
1108 3740 1159 3775 non
1170 3725 1251 3789 magis
1261 3724 1368 3774 inermis

260 3801 299 3851 sic
309 3801 343 3850 de
354 3800 469 3864 indicata,
479 3800 620 3851 autiudieio
631 3801 792 3864 mortis,dici
833 3812 891 3855 erat
912 3805 1044 3867 Tiberius,
1072 3817 1148 3868 quam
1176 3808 1255 3851 oetate
1282 3800 1368 3850 adbuc

260 3883 357 3941 potest.
832 3882 950 3943 vigente:
978 3879 1094 3943 quamvis
1118 3876 1186 3926 enim
1208 3876 1267 3939 ipse
1289 3874 1366 3925 bellis

291 3961 311 3987 ¹
320 3955 445 4020 Affinircn]
463 3954 586 4004 Nondum
597 3968 626 4004 re
639 3953 694 4017 ipsa
705 3952 793 4017 sejani
831 3954 951 4005 inhabilis
962 3959 1041 4016 essct,
1053 3959 1141 4002 tamen
1157 3952 1265 4016 perinde
1283 3951 1366 4002 consi·

261 4028 342 4081 affinis
364 4031 518 4095 Gaetuticus,
543 4030 589 4081 sed
612 4036 712 4080 tanturn
734 4043 792 4093 spe,
835 4031 875 4081 liis
884 4044 1022 4095 superesse
1031 4035 1147 4094 poterat.

261 4105 792 4171 destinatione,iortepactoetpromissis;
864 4107 917 4157 Sed
936 4106 970 4156 de
989 4104 1078 4156 tiberis
1098 4102 1278 4168 accipiendum
1300 4116 1365 4164 esse,

260 4180 487 4235 tadniestiuautur
503 4183 583 4234 etism
601 4188 662 4233 ante
678 4188 792 4234 atatem.
833 4184 948 4236 ostendit
958 4183 1040 4235 etiam
1051 4182 1145 4233 Galbae
1154 4180 1238 4234 oratio
1249 4179 1283 4231 ad
1294 4180 1367 4231 Piso·
