3075 4917
280 367 353 438 07⁴
633 387 665 436 c.
690 386 871 435 oonnnnrr
895 385 1024 434 morri
1224 384 1387 450 [neusse

284 536 322 596 ut
334 528 473 593 conseii⁸
492 533 526 593 et
543 526 684 593 adulteri
705 531 789 613 ejus,
814 530 875 595 Cn.
893 529 1072 606 Domitius,
1096 526 1220 594 Vibius
1236 526 1382 603 Mersus,

778 711 887 791 noun

284 883 379 932 nempe
390 874 419 917 nt
430 868 540 917 adulteri
558 868 604 931 iiii,
623 869 813 918 connecteban-
854 876 1012 934 potuerunt;
1030 869 1088 934 quin
1100 882 1192 932 nempe
1202 868 1230 916 in
1242 867 1386 931 principem

285 945 475 996 terAibuciitae
486 958 547 994 ree.
853 948 992 996 cumulate
1011 953 1039 996 et
1058 946 1161 995 coitate
1178 959 1267 994 ornnes
1284 942 1390 1005 religio·

291 1061 298 1069 .
317 1024 418 1086 Nempe
430 1023 466 1071 rei
478 1022 515 1070 iili
531 1021 671 1085 inpietatis,
689 1021 815 1070 indirecte
855 1037 910 1084 nes,
920 1022 1006 1072 omnin
1015 1019 1090 1071 ciere
1101 1020 1226 1071 translate
1236 1026 1326 1068 erent:
1339 1017 1387 1080 igi·

284 1098 311 1149 iu
320 1098 473 1162 principem,
481 1098 816 1161 perconsequentiumnem·
856 1104 898 1147 tur
908 1098 1026 1162 impietas
1044 1099 1069 1146 in
1082 1097 1225 1160 principem
1236 1095 1285 1144 fuit
1298 1094 1331 1143 ob
1348 1109 1387 1142 so·

285 1163 368 1240 peet
389 1175 598 1238 presumtionem
626 1175 758 1237 eliquum3
785 1188 816 1222 eo
855 1175 984 1236 eruregni,
1004 1173 1037 1224 ob
1056 1172 1161 1235 suspicm
1177 1170 1338 1234 imperatorin,
1357 1174 1387 1218 et

286 1250 354 1315 quod
366 1249 410 1299 ilie
420 1251 428 1277 ‘
439 1249 514 1312 culpe
525 1250 594 1298 iuter
605 1249 673 1297 viros
689 1247 816 1296 foemiuss·
856 1251 916 1315 quin
927 1250 1049 1314 princeps
1059 1253 1130 1310 eaput
1140 1247 1203 1296 orbis
1218 1253 1247 1295 et
1257 1246 1337 1307 urbis,
1357 1251 1387 1294 nt

285 1340 336 1396 que
349 1325 466 1389 vuigets’
485 1326 519 1375 sit
531 1332 624 1380 contre
635 1327 716 1376 decus
733 1325 817 1389 publi·
856 1326 949 1376 scribit
965 1327 1083 1376 Lucanos
1102 1325 1120 1374 Ι.
1139 1337 1167 1373 ν.
1199 1323 1282 1371 ‘Cum
1302 1329 1387 1370 totum

232 1461 237 1472 -
285 1412 453 1464 cumcontra
468 1405 603 1469 Rempubi.
615 1413 641 1453 et
652 1406 689 1454 sic
706 1407 817 1469 impietas
856 1401 904 1451 irsc
920 1401 1005 1450 enims
1022 1401 1174 1464 populorum
1191 1399 1245 1470 vite
1264 1398 1386 1460 salusque

284 1480 334 1529 tuit
348 1482 374 1529 in
383 1481 523 1544 principem,
544 1480 614 1545 quie'
623 1482 683 1530 inde
698 1482 815 1545 conjure·
855 1478 984 1538 Pendeat,
1002 1484 1029 1526 et
1040 1484 1125 1525 tentus
1135 1482 1213 1538 ceput
1222 1472 1336 1536 ¹hocsibi
1349 1471 1388 1523 i'e·

285 1555 366 1605 tiones
378 1555 439 1604 oriri
454 1563 596 1619 potnerunt
615 1557 641 1604 in
658 1557 815 1620 principem,
856 1554 922 1601 cerit
933 1551 1022 1600 orbis.’

285 1634 467 1697 petriem‚&c.
888 1629 956 1679 Quin
974 1632 1045 1691 puter
1063 1627 1158 1691 petrice,
1191 1626 1249 1690 quin
1268 1623 1387 1686 Pontifex

318 1710 415 1759 Crimen
430 1711 562 1774 impietatir
581 1713 764 1776 inprincipern]
781 1714 816 1763 Et
856 1704 987 1765 Malim,
1007 1703 1067 1766 qula
1086 1703 1217 1764 diewini,
1240 1702 1299 1764 quia
1318 1715 1386 1749 mm

284 1786 427 1849 mejestatis
438 1801 514 1835 unum
525 1795 554 1836 et
564 1788 631 1837 idem
640 1797 681 1839 est
691 1791 739 1838 hoc
748 1791 814 1839 1000,
853 1784 948 1829 mnatre
961 1778 1066 1842 specinti
1078 1777 1153 1826 titulo
1164 1777 1217 1838 iile,
1235 1782 1328 1839 utpote
1341 1775 1388 1824 tri·

285 1862 460 1925 nepetejquae
472 1863 670 1925 supradiximus
683 1866 715 1913 de
731 1865 815 1914 crimi-
855 1855 969 1905 trititiam
978 1860 1118 1919 potestatem
1125 1859 1260 1917 mrim
1270 1853 1389 1901 habentk

284 1950 318 1985 ne
338 1938 480 1985 viciniorum
497 1938 651 1998 religionem:
677 1954 724 1990 nec
745 1941 815 1990 aliud
856 1932 948 1997 quibus
960 1933 1043 1981 titulis
1055 1931 1171 1980 omuibus
1182 1935 1286 1978 sanctus
1304 1934 1334 1978 et
1349 1928 1389 1977 in·

284 2009 334 2084 fruit
343 2011 440 2059 emmer]
457 2012 580 2071 mulieris,
599 2020 628 2063 ut
648 2023 721 2078 puro,
739 2030 815 2079 quam
855 2009 964 2058 viciatus
976 2022 1033 2057 esse
1045 2007 1134 2056 debuit
1145 1993 1241 2065 Caesn'r,
1258 2011 1285 2054 et
1297 2017 1388 2054 consc-

283 2085 449 2148 edulterium,
460 2102 536 2151 quom
548 2089 557 2116 ‘
570 2088 647 2151 culpe
662 2091 766 2153 vulgara
777 2091 815 2139 in.
855 2092 964 2150 qucuter
977 2085 1064 2133 domus
1075 2091 1103 2132 ct
1113 2081 1295 2145 consanguinei
1305 2081 1387 2131 iliius.

284 2167 327 2211 ter
334 2162 403 2211 viros
418 2169 446 2212 et
462 2161 581 2212 foemines
592 2162 609 2211 :'
625 2178 674 2212 nec
686 2165 757 2213 eiind
769 2166 815 2214 eti·
887 2162 922 2210 Et
940 2161 989 2210 hoc
1011 2174 1143 2209 commune
1161 2158 1250 2207 hebuit
1268 2156 1387 2218 semim,

284 2252 326 2286 em
344 2238 427 2286 scelus
447 2237 608 2287 consciorum
628 2239 718 2301 ipsius,
739 2255 815 2304 quem
854 2236 933 2286 etiem
944 2242 1068 2285 extranee
1079 2249 1094 2283 s
1105 2234 1181 2283 domo
1192 2232 1312 2292 Caeseris,
1326 2246 1387 2281 curn

284 2312 345 2376 quin
372 2312 484 2362 adulteri
511 2318 539 2361 et
560 2320 726 2377 corruptores
748 2316 815 2365 iliius
854 2311 963 2361 muliere
979 2324 1097 2360 connexe
1116 2308 1236 2373 principi,
1254 2306 1389 2370 sinduite·

283 2387 395 2440 inerant.
489 2417 491 2422 ·
853 2388 919 2437 rium
930 2386 1107 2436 commisisset.

316 2465 453 2528 Impietotir
468 2465 495 2516 in
506 2465 653 2529 Principem]
677 2467 737 2516 Non
749 2465 814 2516 ditii-
886 2465 951 2512 Erat
961 2462 1057 2526 quippe
1069 2461 1208 2524 impietatis
1222 2459 1304 2510 renio
1317 2459 1388 2521 prin·

283 2540 332 2592 rn'lc
351 2548 430 2605 captu
449 2541 482 2592 de
498 2541 611 2604 foemine,
633 2557 691 2607 qnae
710 2558 815 2593 connexe
855 2539 950 2602 cipem,
975 2539 1014 2587 his
1035 2538 1118 2588 censis
1142 2536 1257 2601 proxime
1280 2535 1388 2596 nitatis3

285 2614 438 2678 θεειώσω]
448 2618 593 2680 propinqus
603 2618 680 2679 illins,
692 2618 813 2668 edulterii
854 2616 916 2665 licet
932 2614 1077 2678 propinque
1087 2613 1195 2664 Cereris
1209 2613 1260 2661 elio
1274 2612 1388 2676 vinculo,

283 2699 418 2741 rceesset.
452 2693 813 2757 Nemipsereeinpietutisin
855 2698 882 2739 et
894 2691 944 2740 etio
954 2690 1032 2740 etism
1044 2689 1147 2739 sceleris
1156 2688 1283 2738 vocabulo
1296 2687 1389 2736 ustrin-

280 2764 419 2827 risoipern,
446 2765 480 2816 ob
505 2763 671 2830 affinitatem,'
690 2777 717 2819 et
739 2771 813 2818 simui
855 2775 970 2831 geretur.
1162 2755 1167 2766 ’

284 2841 387 2895 nduiter
398 2841 478 2904 ipsius
490 2857 548 2893 rens
566 2844 679 2906 ejusdem
691 2848 813 2908 steterim
888 2845 990 2906 Nempe
1009 2842 1070 2907 quie
1088 2842 1217 2907 peccabat
1235 2841 1261 2890 in
1282 2853 1388 2904 corpur,

283 2916 343 2980 quia
354 2931 448 2979 nempe
464 2917 501 2967 sic
517 2919 619 2980 corpori
637 2918 752 2970 feminee
770 2937 814 2971 en-
852 2919 929 2971 serre
940 2933 971 2967 sc
983 2918 1128 2981 principati,
1147 2932 1193 2967 ren
1211 2916 1290 2979 regine
1309 2915 1386 2966 feeri-

282 3007 358 3048 ωε
375 2995 473 3051 Cereri
491 2989 663 3057 illudebatur}
680 3004 708 3048 et
725 2999 813 3060 etism,
854 2997 896 3045 lie
922 3008 1068 3044 connexum
1094 2999 1122 3043 et
1149 2993 1387 3054 consanguineum

283 3070 344 3132 quia
359 3071 415 3119 ireec
426 3086 506 3134 genus
517 3070 642 3121 adulteria
654 3073 752 3121 semine
762 3074 834 3123 coi--
853 3070 921 3121 unde
947 3070 1069 3133 probrum
1087 3077 1114 3118 et
1136 3069 1251 3118 dedecus
1270 3069 1297 3116 in
1317 3068 1388 3131 prin·

282 3144 381 3196 tionum
393 3161 437 3194 seu
450 3147 655 3210 conjurationum
674 3151 699 3195 in
717 3149 813 3211 princi·
853 3148 955 3209 cipcm:
972 3153 999 3194 et
1018 3143 1051 3193 ad
1072 3146 1149 3207 ptura
1171 3144 1301 3207 peccantia
1325 3157 1388 3192 con·

284 3231 382 3284 pernet
395 3224 531 3286 Rempubi.
543 3230 627 3285 erent,
648 3232 677 3273 ut
695 3232 769 3287 petet
781 3239 813 3274 ex
854 3225 920 3273 scios
931 3223 1058 3271 invitabat
1078 3222 1130 3269 tute
1148 3235 1253 3282 corpus,
1273 3220 1325 3267 tale
1337 3218 1388 3268 cri·

282 3298 322 3354 bit
333 3312 392 3361 qun
410 3296 488 3348 effert
504 3299 605 3348 Senoes
623 3300 655 3349 de
672 3300 744 3351 Julin
760 3300 815 3351 An-
853 3314 922 3361 rnen,
931 3313 983 3349 nou
992 3298 1073 3348 solum
1081 3296 1197 3346 libidinis
1206 3296 1386 3358 incitamento,

283 3374 467 3435 gnstogenitn.
853 3376 899 3425 red
909 3374 989 3424 etism
999 3372 1125 3424 aviditate
1136 3370 1294 3422 dominandi.
1340 3423 1342 3426 ,

284 3488 290 3496 .
317 3446 405 3498 Quare
417 3448 442 3495 id
459 3449 548 3497 crinon
564 3449 813 3514 inpietatirinprin·
885 3452 1123 3502 Cumnonmutum
1140 3446 1251 3497 adulteri
1271 3460 1386 3510 corpore

283 3521 368 3585 cipem
377 3522 437 3584 fuit,
447 3523 521 3572 simui
533 3531 560 3573 et
570 3525 659 3575 crimen
675 3527 814 3588 nujenotir,
853 3527 993 3587 sociarent,
1013 3524 1059 3574 sed
1077 3525 1155 3574 etism
1166 3525 1307 3586 agitarent,
1327 3523 1387 3574 mis·

283 3602 312 3653 et
330 3593 399 3645 forte
419 3597 475 3646 vice
495 3612 577 3647 verse.
611 3599 682 3649 Hinc
701 3603 717 3649 t.
729 3615 760 3649 ιι.
772 3606 814 3651 to.
853 3610 994 3665 cereutqne
1018 3599 1125 3649 consitio
1149 3598 1286 3647 invadendi
1309 3598 1387 3647 Rern·

260 3669 427 3724 '‘Veriiienr
447 3674 540 3723 sororis
563 3674 676 3738 Augusti
698 3686 814 3741 neptem,
854 3676 993 3740 publicem.

282 3750 410 3812 &munia
429 3749 526 3798 Cereri
546 3764 664 3799 connexe
685 3752 814 3803 adniteris
858 3786 862 3792 -
886 3752 920 3800 Et
932 3749 1198 3812 riesmpecnbantur
1210 3762 1294 3797 rerum
1307 3762 1385 3798 nous-

282 3826 583 3891 nutarunmajesraris
593 3828 815 3879 deletorsrcesre·
854 3840 920 3885 rum,
940 3831 986 3876 snt
1002 3826 1095 3874 saitem
1111 3825 1138 3873 id
1157 3831 1240 3873 metus
1251 3823 1385 3873 dominen-

282 3901 348 3958 bat’
854 3902 918 3952 tiurn
933 3900 1058 3964 fingente.
1091 3900 1169 3952 Quod
1187 3907 1215 3949 et
1235 3901 1321 3950 iocum
1341 3900 1385 3950 ha·

283 4019 287 4027 .
315 3981 418 4030 Preter
429 3980 539 4030 rioietes
550 3994 597 4043 per
608 3981 763 4031 adulterium
775 3996 814 4031 re·
854 3979 911 4030 buit
931 3979 958 4027 in
976 3978 1104 4029 extraneis
1122 3993 1237 4027 amorum
1258 3974 1385 4041 fingitiis3

282 4053 390 4117 &ones
404 4056 746 4118 Deorum,inmetrimoniis
757 4065 814 4106 ten-
854 4057 986 4119 precipue
1005 4055 1027 4103 si
1042 4055 1148 4117 vulgate
1167 4061 1236 4103 essct
1256 4068 1289 4121 es
1307 4054 1385 4116 culpe

284 4134 313 4177 to
323 4135 426 4192 temque
441 4144 514 4181 rscro
530 4130 584 4179 ritu
599 4132 754 4195 celebrates,
773 4133 813 4180 hm
852 4131 922 4182 inter
930 4130 1031 4179 nobiter
1042 4129 1111 4179 uiros
1121 4138 1148 4179 et
1159 4128 1285 4186 steininen.

282 4202 487 4273 trienninm·
497 4220 535 4274 err¹
550 4206 668 4276 principe
685 4207 814 4263 recedere
886 4215 899 4274 .‘
916 4205 1022 4270 emen]
1039 4205 1133 4256 Uenerii
1150 4213 1252 4262 tuntum
1268 4206 1338 4262 ioris
1354 4206 1383 4257 ii«
