3075 4917
240 385 308 461 tub
589 403 977 457 o.couuur.11rnorur
1076 398 1079 404 '
1182 393 1349 475 [amm.

242 552 384 633 Patrcs3
409 551 469 618 sed
493 555 694 626 manserunt,
708 547 879 615 occultati·¹
903 554 937 612 et
960 548 1090 612 editis*
1135 545 1214 625 Quo
1236 548 1345 630 magis

243 693 663 796 libriperAEdilercomburerentar3
677 725 993 792 oedmpsrsuerurrtobditi,
1006 731 1031 776 et
1047 725 1147 788 vulgati.
1181 724 1349 792 Quotam
1387 743 1393 752 ι

275 962 291 1007 t
308 958 403 1007 Mallst
413 957 578 1018 Vertranios,
589 960 613 1006 rt
623 955 709 1005 abditi.
741 954 851 1004 Minime
862 968 895 1002 ex
907 968 954 1004 usu
964 952 1057 1015 Taciti,
1067 950 1112 1016 qui
1127 965 1253 1016 nusquam
1264 949 1348 1002 insui-

243 1020 292 1071 bus
315 1022 401 1072 verbis
423 1022 499 1072 ludit.
538 1022 637 1071 Tentat
658 1021 795 1082 Ernestus,
814 1018 912 1067 redditi.
947 1018 1052 1079 Melius,
1074 1016 1120 1066 sed
1141 1017 1196 1065 sine
1218 1017 1348 1065 acumine.

242 1087 352 1137 amor.
777 1125 787 1154 ,

741 1232 848 1285 NOTAE

242 1361 302 1397 meu
314 1361 365 1397 noo
381 1347 490 1396 cremati
508 1353 569 1412 sunt
584 1348 622 1398 illi
632 1348 701 1409 libri,
712 1348 774 1413 qnia
813 1345 894 1396 verba
910 1360 1006 1410 ponere
1020 1345 1137 1411 ejusdcm
1149 1343 1212 1396 seis
1229 1343 1349 1407 Scripse-

242 1422 367 1474 occoltati
379 1422 484 1473 fueraut
501 1439 516 1473 a
532 1424 586 1473 filia
600 1424 736 1486 Cremutii,
745 1429 774 1473 et
813 1431 856 1472 rat
865 1424 906 1472 iric
918 1424 1065 1472 Cremutius
1080 1421 1253 1487 bellapivilia
1265 1427 1347 1488 atres

242 1505 335 1564 postea
356 1499 421 1548 editi
442 1507 510 1563 suut,
537 1501 681 1563 imperante
706 1500 773 1550 Cali-
813 1496 939 1563 Augusti:
968 1506 1112 1563 extantque
1134 1497 1289 1562 fragmenta,
1302 1512 1348 1547 ex

242 1576 312 1639 qula,
323 1582 389 1625 teste
400 1576 473 1626 Suet.
484 1577 526 1641 qui
537 1577 564 1625 id
569 1577 650 1640 jussit
661 1577 774 1626 nomina·
813 1574 906 1639 quibua
916 1584 997 1637 genus
1007 1573 1113 1623 dicendi
1128 1576 1236 1638 colligas
1247 1574 1274 1622 in
1285 1575 1349 1623 Sua·

243 1650 300 1712 tim,
310 1658 338 1701 ut
349 1658 377 1701 et
388 1652 422 1700 de
432 1652 529 1701 Severo
541 1651 638 1702 Cassio.
813 1650 993 1699 soriaSenecae
1001 1650 1033 1698 de
1040 1657 1124 1699 morte
1130 1650 1272 1701 Ciceronis.
1279 1650 1348 1715 Lips.

243 1721 245 1728 ’
276 1725 429 1789 cremandos]
444 1726 488 1776 Sic
499 1726 559 1775 libri
571 1727 632 1776 olim
644 1726 773 1777 combusti
847 1725 968 1774 Occultoti
988 1731 1012 1774 et
1033 1726 1104 1788 editi]
1141 1726 1285 1787 occultati,
1318 1733 1348 1776 et

242 1801 364 1865 Athenis,
375 1803 429 1872 Cio.
439 1804 459 1852 l.
469 1817 488 1852 r.
501 1803 534 1851 dc
544 1811 636 1852 natura
648 1805 773 1854 Deorum.
814 1802 877 1851 editi
890 1810 959 1861 suut,
975 1803 1019 1851 sed
1037 1803 1147 1852 divorsis
1167 1801 1327 1866 temporibus
1338 1818 1346 1863 3

241 1877 400 1930 ‘Abderites
411 1880 515 1945 quidam
530 1880 689 1943 Protagoras
700 1881 774 1944 cujus
814 1892 873 1927 nam
890 1878 939 1926 uisi
955 1878 1080 1927 occultati
1098 1875 1218 1941 fuissent,
1229 1884 1348 1942 tempore

241 1969 257 2005 a
268 1962 295 2006 te
305 1956 382 2005 modo
392 1959 488 2006 mentio
500 1954 571 2004 facta
582 1964 631 2014 est,
641 1957 774 2020 sophistes
813 1955 920 2017 liberii,
931 1962 959 2003 et
968 1954 1064 2017 sejani,
1082 1969 1214 2021 nunquam
1225 1955 1290 2005 editi
1309 1954 1348 2005 so·

242 2032 400 2096 temporibus
411 2032 463 2080 iilis
475 2032 516 2081 vel
528 2033 660 2094 maximus,
671 2046 729 2081 cum
746 2033 773 2081 iu
814 2040 874 2083 rent
892 2032 940 2081 sub
963 2033 1035 2094 Caio,
1052 2033 1139 2083 statim
1155 2035 1223 2084 enim
1237 2032 1348 2086 cremati

165 2107 169 2112 ’
243 2106 370 2171 principio
393 2108 453 2156 libri
472 2107 511 2155 sui
532 2107 568 2155 sic
586 2108 721 2171 posuisset,
739 2108 772 2158 de
812 2110 923 2160 fuissent
946 2124 978 2160 ex
998 2109 1234 2160 Senatosconsulto.
1264 2109 1348 2174 Puto,

179 2236 184 2242 ,
242 2181 308 2244 Diis,
327 2196 412 2256 neque
432 2191 461 2233 ut
484 2183 546 2252 sint,
564 2199 649 2249 neque
669 2190 698 2242 ot
719 2198 778 2233 nou
812 2189 918 2237 cremati
946 2193 1007 2237 sunt
1030 2188 1101 2252 iibri,
1120 2188 1168 2237 sed
1195 2192 1347 2250 manserunt
1424 2234 1428 2241 ,

241 2259 303 2321 sint,
332 2260 413 2309 habeo
448 2260 546 2323 dicere,
573 2258 770 2310 Atheniensium
812 2265 970 2329 exemplaria
996 2267 1110 2326 occulta,
1127 2279 1161 2314 ex
1181 2265 1274 2330 quibus
1301 2278 1346 2313 ex·

241 2417 325 2475 natos,
335 2412 445 2478 librique
456 2413 512 2476 ejus
529 2414 555 2463 in
572 2415 694 2464 concione
705 2430 774 2465 com·
811 2418 874 2467 lecti
884 2424 953 2478 suut,
962 2417 1108 2482 imperante
1120 2418 1247 2482 Caligula.

240 2486 329 2538 horti:
847 2495 967 2543 Osrsdm
980 2497 1004 2543 et
1013 2494 1085 2558 eddi]
1100 2494 1189 2543 Primo
1201 2499 1276 2544 erunt
1285 2493 1347 2543 edili

251 2574 286 2640 ¹¹
297 2568 446 2631 Maurorum,
456 2569 568 2618 occultati
578 2573 601 2618 et
616 2568 687 2632 edito]
700 2568 773 2618 Libri
812 2576 841 2620 et
861 2570 925 2618 lecti
947 2571 1033 2633 palam
1054 2571 1102 2620 sub
1124 2569 1258 2633 August03
1284 2570 1346 2619 dein

240 2644 470 2694 Senaturconsulto
486 2644 561 2692 exori
575 2644 653 2707 jussi,
665 2643 733 2708 qood
744 2644 772 2693 iu
812 2646 936 2698 saeviente
947 2647 1042 2710 Sejauo
1057 2646 1180 2709 mmltoti,
1189 2660 1249 2695 mox
1258 2660 1346 2696 rursus

240 2720 272 2769 iis
291 2721 408 2783 agnitum
430 2733 445 2767 a
470 2720 618 2784 legentibus
639 2719 771 2785 quidpiam
811 2722 871 2775 editi
890 2729 951 2772 sunt
970 2723 1018 2772 sub
1036 2723 1099 2772 Caio
1115 2721 1247 2785 principe:
1264 2722 1346 2784 igitur

240 2801 319 2858 esset,
329 2794 418 2860 iniquo
429 2794 711 2859 animoapriocipibus
728 2810 770 2844 ac·
812 2815 843 2850 ea
858 2815 930 2850 mena
949 2799 1042 2849 lucili.
1073 2800 1226 2860 Momm,
1246 2797 1346 2860 idest,

240 2880 356 2938 ceptum,
384 2873 444 2923 ideo
466 2873 556 2923 abdite
578 2872 684 2935 servati,
706 2878 734 2922 ct
756 2889 772 2922 a
812 2876 969 2925 duraverunt
984 2874 1104 2937 mcultots',
1119 2889 1175 2935 seu,
1197 2872 1290 2924 intacti
1311 2871 1345 2924 ab

240 2949 349 2999 curiosis
359 2950 421 3000 lecti
432 2956 502 2999 sont.
811 2952 872 3017 igne
882 2951 978 3016 sejani,
991 2966 1051 3001 mox
1067 2959 1095 3000 et
1115 2950 1175 3000 editi
1194 2954 1265 3010 sont,
1285 2962 1346 3012 pro,-

243 3085 246 3090 ,
273 3024 324 3076 Qui
343 3024 365 3074 si
384 3024 497 3076 Cornelii
513 3031 601 3075 rectus
617 3038 708 3073 sensus
722 3030 773 3086 est,
811 3034 919 3078 curante
938 3027 1039 3077 Marcia
1056 3027 1121 3091 ipsa,
1139 3023 1267 3075 Cremutii
1281 3023 1345 3075 filia.

240 3108 270 3152 ut
280 3103 524 3168 opinor,perperaru
533 3102 559 3151 iu
571 3101 690 3154 omnibus
697 3102 770 3151 libris
810 3104 966 3162 Sinoudurn
983 3103 1047 3153 editi
1064 3102 1220 3165 erant,libri
1238 3100 1342 3150 illinon

238 3178 345 3242 legitur,
361 3183 497 3228 munst
517 3179 638 3240 multati,
654 3182 678 3228 rt
697 3178 770 3227 editi.-
809 3187 870 3231 sunt
879 3180 1018 3241 combusti,
1028 3180 1091 3230 licet
1110 3180 1137 3228 id
1154 3178 1290 3227 decretum
1304 3173 1344 3226 fu-

240 3251 318 3304 immo
329 3269 391 3304 vero
401 3256 428 3305 id
441 3269 557 3305 essenon
567 3261 664 3319 potest,
672 3262 701 3303 ut
709 3255 770 3303 libri
810 3258 883 3321 isset,
893 3258 954 3322 quia
964 3263 1025 3307 suut
1036 3256 1173 3318 occultati,
1185 3263 1214 3304 et
1224 3253 1262 3303 sic
1272 3266 1345 3303 man·

239 3328 328 3392 iidem,
347 3346 411 3395 quos
432 3330 543 3382 cremari
559 3331 674 3394 jusserat
692 3331 771 3380 Sena·
811 3333 1070 3392 seruntiucolunses3
1086 3331 1108 3380 si
1123 3337 1200 3381 erant
1212 3332 1269 3395 jam
1283 3328 1344 3380 editi

240 3412 291 3467 tus,
301 3406 396 3455 retrusi
413 3405 439 3454 in
459 3404 582 3468 tenebris,
597 3412 625 3454 et
641 3404 771 3469 publicati
810 3416 871 3460 ante
882 3409 980 3460 rabiem
1000 3409 1072 3458 illam
1090 3407 1188 3471 Sejani,
1204 3412 1277 3456 certe
1289 3419 1345 3455 uon

239 3479 418 3530 remanseriut.
810 3490 871 3535 suut
896 3491 955 3534 usta
987 3482 1149 3546 exemplaria
1175 3481 1271 3544 omnia,
1296 3473 1343 3529 sed

272 3556 365 3620 Neque
375 3557 444 3606 euim
454 3562 560 3606 exustos
570 3556 650 3606 libros
667 3557 770 3623 publice
810 3567 960 3612 munierunt
981 3560 1122 3621 occultata,
1143 3558 1181 3608 ita
1203 3563 1234 3607 ut
1255 3570 1344 3610 rursus

239 3632 334 3683 bebere
355 3632 461 3696 impune
482 3632 618 3698 quisquam
639 3634 683 3683 illo
705 3640 770 3683 teor·
810 3638 853 3689 odi
877 3644 992 3704 possent,
1015 3636 1086 3702 quod
1106 3634 1213 3686 iactum.
1246 3635 1341 3700 Neque

238 3723 303 3774 pore
326 3708 465 3773 potuisset.
507 3709 657 3771 Joogomor
681 3716 770 3758 aorem
810 3712 1201 3780 cogirmdevmenwmqmm
1209 3717 1342 3763 armum:

238 3785 379 3849 supissirae
390 3781 459 3849 apud
469 3785 508 3833 M.
519 3784 644 3846 Tullium,
655 3784 770 3848 «brusa,
809 3792 888 3842 crode
898 3790 970 3853 mibi,
979 3804 1031 3840 uon
1041 3790 1080 3838 sic
1092 3788 1175 3839 edidit
1185 3789 1304 3840 Tacitus.

238 3863 435 3925 eteomltsmct
445 3862 567 3911 dicuntur
577 3859 611 3910 ab
624 3859 716 3909 eodem
728 3876 770 3910 rcs
844 3867 964 3917 ossuum
983 3872 1008 3916 et
1031 3865 1103 3929 odiri]
1140 3866 1294 3915 Maurorum
1313 3859 1343 3914 iri

238 3937 624 4001 occultae,etpsnitusabditae.
656 3938 768 3986 ναιέται.
809 3943 871 3994 libri
888 3942 1008 4003 waltari
1024 3946 1172 3991 manserunt
1183 3940 1263 3990 etiam
1273 3939 1344 4005 editi,

272 4012 508 4076 Ooeullffldetlt'li]
531 4011 770 4075 occultatinfilia,
810 4018 871 4084 quia
889 4031 983 4083 nempe
1007 4016 1064 4082 jam
1088 4018 1149 4067 editi
1174 4024 1236 4066 anie
1257 4024 1344 4081 erant,

238 4087 432 4140 cernendam
452 4088 640 4153 postmodun.
674 4088 769 4153 ltaque
809 4111 886 4162 qoam
897 4096 1064 4147 damnaretur
1074 4101 1166 4145 auctor
1182 4093 1344 4158 cremutius,

237 4161 301 4213 nihil
312 4170 393 4216 muto.
424 4164 563 4214 Vertumio
572 4171 659 4215 umen
671 4166 769 4230 pinel,
808 4174 883 4237 longe
891 4173 1030 4238 autequam
1038 4172 1260 4223 comburerentur.
1272 4170 1343 4223 Nuus

237 4246 262 4296 ct
278 4239 365 4292 eoum
404 4239 465 4291 Nou
485 4239 563 4292 moris
583 4240 688 4306 Tacito,
708 4240 769 4293 bion
802 4249 1053 4315 jmetimperaote
1070 4248 1342 4314 Augustoiectipoh·
