3075 4917
198 415 336 484 acus]
566 413 773 466 eruemur
800 417 872 466 ara.
898 417 952 466 xr.
1212 400 1301 470 103⁶

199 555 379 623 Paternum
401 558 479 623 huic
495 565 611 640 genns‘
635 556 803 635 cFlavio,
826 558 925 622 fratre
948 557 1102 637 Arminii,
1128 567 1232 625 mater
1254 581 1301 627 cx

200 658 442 739 Cottumer0,²⁴¹
463 659 621 740 Principe
636 656 818 722 Cattorum·
832 665 921 722 erat:
942 660 1015 743 ipse
1028 661 1134 724 forma
1147 663 1301 741 decorus,

198 768 233 826 et
247 764 347 826 annis
361 763 535 846 equisque,
556 760 592 824 in
619 762 761 843 patrium
783 767 998 845 nostrumque
1012 782 1147 839 morem,
1173 763 1300 827 exerci-

199 870 266 930 tus
311 863 418 946 Igitur
443 862 559 927 Caesar
583 867 719 925 auctum
743 861 899 944 pecunia,
924 862 1046 926 additis
1072 863 1299 946 stipatoribus,

198 966 345 1030 hortatur
359 965 498 1047 ‘gentile
513 964 615 1026 decus
629 981 749 1045 magno
763 963 874 1025 animo
890 982 1074 1045 capessere.
1120 963 1217 1027 Illum
1231 964 1301 1047 pri·

198 1086 301 1144 mum,
317 1066 437 1131 Romae
453 1061 584 1141 urruns
593 1083 654 1127 nec
669 1063 847 1141 obsidem,⁸
860 1065 918 1127 sed
929 1066 1048 1142 civem,
1064 1066 1112 1127 ire
1125 1069 1298 1129 externum

197 1232 307 1294 degebat.
342 1232 408 1282 Haic
415 1236 517 1307 paterae
526 1232 594 1292 origo
611 1246 642 1280 eo
653 1230 822 1289 Fiooiosrutre
832 1232 957 1306 Arusini&
971 1238 1048 1281 muter
1057 1232 1125 1281 iilius
1137 1239 1194 1281 orta
1209 1237 1261 1280 erut
1271 1247 1303 1281 rx

201 1298 328 1346 Gnaruero
342 1297 450 1359 princepe
468 1297 601 1344 Cuttorum.
634 1294 689 1357 Ipse
702 1295 784 1343 italus
799 1296 996 1359 openetrum,
1007 1297 1221 1359 etcmiseteqsa'a
1231 1296 1302 1344 iesti-

197 1362 464 1410 tataanroreGecmcao
476 1360 634 1422 Romanoque.
668 1359 754 1420 ltaque
765 1361 883 1408 Claudias
898 1366 1006 1409 cnutum
1017 1375 1076 1409 enm
1093 1355 1390 1424 epidauritanae*

198 1440 243 1488 qne
254 1423 393 1483 cummim
410 1429 497 1486 mouet,
513 1432 542 1472 nt
553 1429 687 1484 paternam
709 1423 816 1485 gronam
836 1424 1019 1489 fastigiumque
1032 1425 1129 1473 avitum
1145 1439 1238 1486 magna
1249 1424 1302 1471 vir·

198 1495 257 1538 tute
269 1489 402 1553 suscipiet.
436 1488 512 1536 litum
529 1487 641 1551 primum
650 1486 676 1534 in
689 1486 762 1535 Urbe
775 1494 873 1549 natum,
882 1503 931 1538 nec
943 1489 1041 1538 obsidio
1050 1490 1149 1551 datum,
1159 1490 1205 1538 sed
1217 1488 1301 1538 civem

198 1690 285 1741 Italas.
318 1689 370 1739 Sed
386 1696 477 1753 postea
496 1687 604 1738 ltdicar.
630 1686 741 1736 Brotier.
775 1687 923 1738 Gronovius
939 1690 1020 1740 babet
1036 1692 1121 1755 italas,
1139 1697 1167 1740 et
1177 1690 1256 1751 alibi,
1273 1698 1302 1740 et

198 1756 236 1804 sic
248 1754 379 1818 Ryckius:
396 1754 481 1802 sedin
493 1754 608 1815 margine
617 1751 775 1800 italicas—2
792 1752 834 1801 Ita
845 1753 1006 1804 Puteolanus
1023 1764 1049 1804 ct
1067 1755 1234 1805 recentiores.
1267 1755 1300 1803 In

197 1819 313 1870 editione
330 1818 458 1882 principe,
474 1819 610 1867 Actumero.
644 1816 697 1864 Ms.
708 1815 785 1865 Bodl.
804 1818 952 1868 Cacturnero.
985 1820 1038 1870 Ms.
1057 1820 1113 1870 Jes.
1133 1822 1301 1870 Coranos.—

696 1949 805 1999 NOTAE

197 2046 305 2096 Tacitus
320 2046 403 2108 stirpe
415 2044 486 2107 regia
503 2050 590 2104 ortos;
606 2044 645 2092 sic
668 2044 730 2093 alibi
769 2046 806 2095 ibi
817 2054 968 2111 susceperat
978 2048 1057 2097 fitium
1067 2049 1172 2098 Italum.

196 2123 321 2187 Tigranes
333 2121 427 2170 dicitur
444 2122 648 2183 Cappadocum
664 2119 729 2169 uobi-
800 2122 875 2171 Tales
897 2124 1028 2187 principes
1049 2124 1176 2174 sociornnr
1196 2125 1302 2175 civitate
1344 2115 1350 2127 ’

197 2201 276 2260 litate,
288 2198 355 2263 qnod
366 2197 435 2246 idem
447 2202 497 2257 est,
508 2212 538 2245 ac
549 2196 629 2259 stirpe
638 2210 728 2259 regum
768 2196 910 2260 donabant,
921 2203 948 2247 ct
959 2199 1071 2262 equestri
1089 2198 1174 2247 ordini
1190 2200 1303 2248 ascribe·

198 2273 372 2339 Cappadociae
384 2271 516 2321 oriundus.
769 2272 842 2323 baut.
875 2273 1092 2337 Immopraetoria
1110 2280 1138 2323 et
1157 2273 1303 2323 consularia

231 2357 241 2382 ⁶
270 2350 400 2397 Paternum
422 2346 477 2394 buic
492 2345 578 2408 geraus]
609 2346 731 2408 Verrunt,
770 2348 867 2398 decora
878 2349 1029 2399 tribuebant
1040 2349 1194 2413 quandoque
1204 2348 1303 2412 stipsis

197 2423 278 2474 tuisse
292 2423 372 2472 filium
384 2422 477 2482 Fiavii,
496 2422 564 2485 qnod
583 2436 635 2470 non
653 2422 730 2484 piane
769 2424 873 2487 regibus
884 2425 1010 2487 externis,
1019 2425 1065 2474 sed
1075 2424 1282 2473 inservientibus.

198 2506 302 2553 constat
320 2514 353 2549 ex
371 2499 421 2548 boc
439 2498 515 2547 loco:
544 2496 631 2560 potuit
648 2511 729 2560 nepos
801 2507 815 2541 τ
832 2501 883 2549 Nec
894 2499 1008 2565 otddm]
1024 2500 1136 2550 Obsides
1147 2514 1220 2562 saepe
1231 2513 1305 2562 spre-

196 2592 263 2627 esse.
769 2575 790 2623 ti
801 2576 871 2639 apud
881 2576 1007 2636 Tacitum,
1022 2575 1093 2639 qnasi
1104 2574 1212 2638 captivi,
1228 2573 1303 2624 velut

229 2656 268 2705 Ut
276 2662 305 2704 nt
315 2655 358 2718 sit,
369 2646 641 2717 gratusfnitRornanis
652 2660 728 2710 prop·
767 2650 932 2714 inservirent,
949 2657 977 2699 et
988 2665 1049 2699 vera
1066 2650 1196 2714 mancipia
1212 2656 1302 2698 essent

197 2738 239 2783 ter
250 2731 376 2788 Fiaviunr,
390 2728 434 2793 qui
447 2739 548 2788 semper
559 2722 626 2772 fidus
636 2724 728 2772 Roma·
768 2727 895 2786 Cesaris3
906 2728 978 2791 quasi
989 2727 1067 2775 etiarn
1078 2727 1193 2790 corrupti
1204 2727 1301 2790 stupris

196 2810 247 2867 nis,
274 2813 366 2857 centra
382 2805 482 2853 nitente
501 2799 618 2849 Arminio
636 2797 728 2858 fratre,
767 2806 813 2850 aut
824 2802 975 2851 libidinibus
985 2803 1085 2852 Italicis
1094 2801 1190 2851 forent.

196 2898 246 2949 per
257 2881 446 2932 emulationem
462 2875 628 2940 oppidanum,
646 2879 676 2924 ut
690 2873 728 2922 fir.
800 2878 881 2939 Puto,
902 2877 952 2926 iste
973 2878 1049 2927 italas
1069 2877 1106 2927 sic
1124 2878 1219 2939 dictus,
1242 2878 1302 2943 qnia

195 2960 295 3009 Postea
305 2961 413 3007 vocatur
424 2953 507 3004 Flavii
517 2951 672 3015 progenies:
689 2951 728 2998 ni·
768 2952 795 3000 in
806 2953 884 3001 ltalia
895 2952 975 3012 forte,
995 2960 1023 3001 et
1038 2955 1064 3002 in
1076 2954 1148 3002 Urbe
1165 2955 1302 3003 educatus.

193 3030 448 3085 biltumenaffirnro.
677 3047 682 3059 =
769 3029 835 3076 Cnrn
852 3028 1119 3091 pateriliinsFiavius
1139 3035 1228 3092 partes
1247 3029 1303 3078 Ro·

228 3108 241 3145 ⁸¹
257 3110 300 3157 Ex
309 3103 458 3166 curemus]
475 3103 507 3151 ln
518 3100 605 3150 Vatic.
617 3105 666 3163 est,
682 3099 729 3147 Ac·
768 3118 900 3153 manorum
908 3102 1016 3153 fovisset
1026 3120 1033 3164 ;
1043 3110 1070 3153 et
1079 3104 1209 3152 Arminius
1218 3103 1302 3154 inien-

195 3192 301 3236 tsrrsero:
317 3182 454 3242 Strabone,
474 3175 618 3241 οὖκρόμερος
636 3173 730 3235 ripen&
770 3195 813 3228 sus
827 3179 878 3242 ipsi
887 3179 956 3242 apud
965 3179 1107 3228 Cheruscos
1125 3180 1303 3243 preponeret,

197 3260 305 3320 uenas,
331 3258 357 3307 id
381 3264 432 3317 est,
462 3256 608 3314 Ucrovserar,
625 3251 668 3299 vel
695 3250 730 3299 ad
769 3254 840 3303 band
858 3255 935 3303 dubie
947 3254 1217 3320 patriosoioejectus,
1233 3254 1301 3304 etin

197 3344 303 3402 etymon
315 3332 498 3384 Germanicum
511 3325 607 3389 terius,
619 3327 730 3375 Acrone·
769 3329 835 3377 nrbe
852 3329 976 3378 educatus
988 3335 1038 3391 est,
1049 3328 1110 3378 dnm
1120 3327 1225 3380 forrum
1236 3329 1303 3379 redi·

195 3429 247 3463 rus.
264 3410 375 3475 Lipsius.
770 3403 810 3452 tui
820 3403 980 3452 occasionem
989 3402 1159 3466 patefaceret.

201 3503 205 3530 ;
230 3482 397 3544 summm]
415 3481 487 3542 catti
505 3481 547 3529 vei
564 3479 663 3540 chatti,
684 3491 729 3540 po-
801 3478 846 3527 Sic
861 3479 971 3541 juvenes
988 3480 1072 3541 regios
1088 3492 1139 3528 non
1157 3477 1214 3527 sine
1233 3492 1301 3542 prae·

195 3563 253 3628 puli
263 3561 411 3612 Germaniae
424 3558 456 3606 ad
467 3555 597 3618 Visurgim
607 3552 727 3603 fluvium:
769 3561 855 3616 textu,
866 3554 953 3603 Rome
970 3553 1146 3618 asservabant,
1165 3560 1197 3603 nt
1206 3555 1238 3604 iis
1252 3568 1301 3618 pro

194 3638 273 3688 bodie
284 3636 429 3685 Comitatus
442 3632 635 3692 werinesperc
647 3627 729 3677 Land-
768 3643 816 3678 sno
827 3629 963 3678 commodo
973 3636 1107 3679 uterentur
1116 3630 1150 3679 ad
1159 3630 1300 3695 reprimen-

194 3714 329 3780 graviatns
350 3710 456 3772 Hoetu,
474 3724 522 3759 nec
539 3722 590 3756 non
608 3704 727 3755 Abbatiae
768 3706 815 3754 dos
827 3705 948 3768 Parthos,
959 3705 1114 3769 Germanos,
1132 3710 1160 3754 et
1170 3707 1236 3754 aiios
1255 3719 1300 3768 po·

195 3789 335 3847 Hirschfeld
351 3794 380 3836 et
400 3786 462 3834 aaa
483 3785 510 3831 in
527 3780 625 3831 circuio
643 3779 727 3828 libeni
767 3783 851 3846 pulos.

196 3864 346 3928 superioris.
366 3860 524 3910 musonius
800 3858 844 3906 Sic
860 3862 887 3906 et
905 3856 985 3905 filiurn
997 3854 1110 3905 Arminii
1126 3855 1170 3905 din
1187 3855 1300 3906 retinue-

228 3938 240 3975 ἴ
253 3941 338 3988 Roatoe
346 3936 434 3997 muas]
451 3934 529 3984 Haud
540 3931 614 3981 dubie
626 3928 729 3979 Flavius
768 3940 828 3981 runt
839 3934 865 3980 in
878 3932 964 3993 ltalia,
983 3940 1010 3980 et
1020 3934 1115 3981 multos
1130 3932 1219 3981 nobiter
1234 3931 1299 3981 Par·

195 4017 243 4066 diu
264 4014 349 4064 rocins
371 4020 399 4062 et
421 4010 550 4075 stipendia
570 4009 678 4057 meritas
699 4008 726 4055 in
766 4009 868 4056 thorum
882 4007 994 4069 obsides,
1015 4008 1093 4056 etiam
1113 4013 1141 4056 et
1161 4007 1300 4057 Britanno·

196 4090 289 4142 castris
298 4089 536 4139 Rom.curnnxore
553 4085 691 4133 translatus
700 4082 726 4130 in
766 4100 823 4135 rnm
843 4090 870 4133 et
887 4084 1044 4147 Regularum
1064 4082 1238 4133 Orientalium
1254 4096 1299 4132 eo·

194 4167 309 4229 Italiam,
319 4164 382 4215 etin
392 4164 490 4213 Urbem
507 4168 535 4211 et
545 4177 604 4210 curn
613 4159 727 4225 patriam
766 4162 826 4211 dem
848 4159 966 4222 consino,
984 4164 1013 4209 et
1031 4157 1146 4210 ostentui
1164 4158 1300 4227 metuique

196 4236 728 4307 sedemrecaperarenequireteutnollst,
766 4234 957 4292 „hunnum
1024 4285 1027 4288 ,
