<?xml version="1.0" encoding="UTF-8"?>
<!DOCTYPE html PUBLIC "-//W3C//DTD XHTML 1.0 Transitional//EN"
    "http://www.w3.org/TR/xhtml1/DTD/xhtml1-transitional.dtd">
<html xmlns="http://www.w3.org/1999/xhtml" xml:lang="en" lang="en">
 <head>
  <title>
</title>
<meta http-equiv="Content-Type" content="text/html;charset=utf-8" />
  <meta name='ocr-system' content='tesseract 3.04.00' />
  <meta name='ocr-capabilities' content='ocr_page ocr_carea ocr_par ocr_line ocrx_word'/>
</head>
<body>
  <div class='ocr_page' id='page_1' title='image "./operaomnia03tacigoog_0049.png"; bbox 0 0 3075 4917; ppageno 0'>
   <div class='ocr_carea' id='block_1_1' title="bbox 205 353 1305 433">
    <p class='ocr_par' dir='ltr' id='par_1_1' title="bbox 205 353 1305 433">
     <span class='ocr_line' id='line_1_1' title="bbox 205 353 1305 433; baseline -0.015 -8"><span class='ocrx_word' id='word_1_1' title='bbox 205 369 343 433; x_wconf 69' lang='lat' dir='ltr'>aeas]</span> <span class='ocrx_word' id='word_1_2' title='bbox 566 361 768 412; x_wconf 76' lang='lat' dir='ltr'>annuerunt</span> <span class='ocrx_word' id='word_1_3' title='bbox 794 364 866 414; x_wconf 79' lang='lat' dir='ltr'>tra.</span> <span class='ocrx_word' id='word_1_4' title='bbox 892 366 938 415; x_wconf 82' lang='lat' dir='ltr'>rr.</span> <span class='ocrx_word' id='word_1_5' title='bbox 1239 353 1305 420; x_wconf 78' lang='lat'>685</span> 
     </span>
    </p>
   </div>
   <div class='ocr_carea' id='block_1_2' title="bbox 146 503 1331 1730">
    <p class='ocr_par' dir='ltr' id='par_1_2' title="bbox 146 503 1331 1730">
     <span class='ocr_line' id='line_1_2' title="bbox 204 503 1305 593; baseline 0.005 -21"><span class='ocrx_word' id='word_1_6' title='bbox 204 514 259 573; x_wconf 89' lang='lat' dir='ltr'>tus</span> <span class='ocrx_word' id='word_1_7' title='bbox 272 503 489 593; x_wconf 83' lang='lat' dir='ltr'>¹populusque</span> <span class='ocrx_word' id='word_1_8' title='bbox 511 509 661 573; x_wconf 89' lang='lat' dir='ltr'>habitum</span> <span class='ocrx_word' id='word_1_9' title='bbox 684 530 726 574; x_wconf 88' lang='lat' dir='ltr'>ao</span> <span class='ocrx_word' id='word_1_10' title='bbox 751 528 854 574; x_wconf 84' lang='lat' dir='ltr'>voces</span> <span class='ocrx_word' id='word_1_11' title='bbox 875 510 1054 587; x_wconf 89' lang='lat' dir='ltr'><strong>dolentum,</strong></span> <span class='ocrx_word' id='word_1_12' title='bbox 1082 510 1305 577; x_wconf 68' lang='lat' dir='ltr'>simulationes</span> 
     </span>
     <span class='ocr_line' id='line_1_3' title="bbox 205 610 1304 696; baseline 0.004 -22"><span class='ocrx_word' id='word_1_13' title='bbox 205 612 323 694; x_wconf 87' lang='lat' dir='ltr'>magis,</span> <span class='ocrx_word' id='word_1_14' title='bbox 350 630 453 694; x_wconf 87' lang='lat' dir='ltr'>quam</span> <span class='ocrx_word' id='word_1_15' title='bbox 477 610 594 688; x_wconf 90' lang='lat' dir='ltr'>libens,</span> <span class='ocrx_word' id='word_1_16' title='bbox 617 610 786 687; x_wconf 87' lang='lat' dir='ltr'>induebat,</span> <span class='ocrx_word' id='word_1_17' title='bbox 809 610 1022 693; x_wconf 82' lang='lat' dir='ltr'>domumque.</span> <span class='ocrx_word' id='word_1_18' title='bbox 1035 610 1241 696; x_wconf 64' lang='lat' dir='ltr'>Germanici,</span> <span class='ocrx_word' id='word_1_19' title='bbox 1255 634 1304 678; x_wconf 86' lang='lat' dir='ltr'>re·</span> 
     </span>
     <span class='ocr_line' id='line_1_4' title="bbox 198 710 1304 795; baseline 0.003 -19"><span class='ocrx_word' id='word_1_20' title='bbox 198 714 376 789; x_wconf 53' lang='lat' dir='ltr'>«remeare,</span> <span class='ocrx_word' id='word_1_21' title='bbox 401 712 521 776; x_wconf 87' lang='lat' dir='ltr'>occulti</span> <span class='ocrx_word' id='word_1_22' title='bbox 545 711 753 775; x_wconf 86' lang='lat' dir='ltr'>laetabantur.</span> <span class='ocrx_word' id='word_1_23' title='bbox 822 710 922 790; x_wconf 88' lang='lat' dir='ltr'>Quod</span> <span class='ocrx_word' id='word_1_24' title='bbox 945 713 1146 795; x_wconf 87' lang='lat' dir='ltr'>principium</span> <span class='ocrx_word' id='word_1_25' title='bbox 1167 714 1304 793; x_wconf 82' lang='lat' dir='ltr'>favoris,</span> 
     </span>
     <span class='ocr_line' id='line_1_5' title="bbox 146 810 1303 895; baseline 0.003 -20"><span class='ocrx_word' id='word_1_26' title='bbox 146 831 149 835; x_wconf 86' lang='lat'>·</span> <span class='ocrx_word' id='word_1_27' title='bbox 196 819 239 877; x_wconf 57' lang='lat' dir='ltr'>‘et</span> <span class='ocrx_word' id='word_1_28' title='bbox 259 818 364 894; x_wconf 83' lang='lat' dir='ltr'>mater</span> <span class='ocrx_word' id='word_1_29' title='bbox 387 812 582 895; x_wconf 89' lang='lat' dir='ltr'>Agrippina,</span> <span class='ocrx_word' id='word_1_30' title='bbox 606 831 701 893; x_wconf 88' lang='lat' dir='ltr'>spem</span> <span class='ocrx_word' id='word_1_31' title='bbox 725 810 812 874; x_wconf 88' lang='lat' dir='ltr'>male</span> <span class='ocrx_word' id='word_1_32' title='bbox 830 818 954 893; x_wconf 86' lang='lat' dir='ltr'>tegens,</span> <span class='ocrx_word' id='word_1_33' title='bbox 977 815 1156 895; x_wconf 88' lang='lat' dir='ltr'>perniciem</span> <span class='ocrx_word' id='word_1_34' title='bbox 1172 813 1303 880; x_wconf 84' lang='lat' dir='ltr'>accele-</span> 
     </span>
     <span class='ocr_line' id='line_1_6' title="bbox 199 907 1304 995; baseline 0.005 -21"><span class='ocrx_word' id='word_1_35' title='bbox 199 931 327 977; x_wconf 82' lang='lat' dir='ltr'>ravere.</span> <span class='ocrx_word' id='word_1_36' title='bbox 371 912 461 976; x_wconf 88' lang='lat' dir='ltr'>Nam</span> <span class='ocrx_word' id='word_1_37' title='bbox 487 907 644 995; x_wconf 83' lang='lat' dir='ltr'>Sejanus,</span> <span class='ocrx_word' id='word_1_38' title='bbox 675 912 734 974; x_wconf 91' lang='lat' dir='ltr'>ubi</span> <span class='ocrx_word' id='word_1_39' title='bbox 758 912 861 989; x_wconf 87' lang='lat' dir='ltr'>videt,</span> <span class='ocrx_word' id='word_1_40' title='bbox 884 919 1017 976; x_wconf 82' lang='lat' dir='ltr'>mortem</span> <span class='ocrx_word' id='word_1_41' title='bbox 1042 913 1143 976; x_wconf 84' lang='lat' dir='ltr'>Drusi</span> <span class='ocrx_word' id='word_1_42' title='bbox 1167 915 1304 980; x_wconf 85' lang='lat' dir='ltr'>inultam</span> 
     </span>
     <span class='ocr_line' id='line_1_7' title="bbox 201 1009 1304 1095; baseline 0.003 -20"><span class='ocrx_word' id='word_1_43' title='bbox 201 1009 486 1088; x_wconf 73' lang='lat' dir='ltr'>interfectoribuS,&#39;</span> <span class='ocrx_word' id='word_1_44' title='bbox 501 1015 571 1077; x_wconf 86' lang='lat' dir='ltr'>sine</span> <span class='ocrx_word' id='word_1_45' title='bbox 595 1032 735 1077; x_wconf 87' lang='lat' dir='ltr'>moerore</span> <span class='ocrx_word' id='word_1_46' title='bbox 753 1013 891 1095; x_wconf 83' lang='lat' dir='ltr'>publico</span> <span class='ocrx_word' id='word_1_47' title='bbox 904 1033 990 1087; x_wconf 88' lang='lat' dir='ltr'>esse,</span> <span class='ocrx_word' id='word_1_48' title='bbox 1014 1015 1107 1077; x_wconf 86' lang='lat' dir='ltr'>ferox</span> <span class='ocrx_word' id='word_1_49' title='bbox 1121 1015 1304 1093; x_wconf 83' lang='lat' dir='ltr'>scelerum,q</span> 
     </span>
     <span class='ocr_line' id='line_1_8' title="bbox 203 1115 1304 1199; baseline 0.004 -24"><span class='ocrx_word' id='word_1_50' title='bbox 203 1118 236 1175; x_wconf 93' lang='lat' dir='ltr'>et</span> <span class='ocrx_word' id='word_1_51' title='bbox 258 1116 339 1196; x_wconf 89' lang='lat' dir='ltr'>quia</span> <span class='ocrx_word' id='word_1_52' title='bbox 359 1116 467 1197; x_wconf 89' lang='lat' dir='ltr'>prima</span> <span class='ocrx_word' id='word_1_53' title='bbox 480 1120 707 1197; x_wconf 81' lang='lat' dir='ltr'>provenerant,</span> <span class='ocrx_word' id='word_1_54' title='bbox 731 1115 880 1177; x_wconf 89' lang='lat' dir='ltr'>volutare</span> <span class='ocrx_word' id='word_1_55' title='bbox 895 1133 1018 1191; x_wconf 85' lang='lat' dir='ltr'>secum,</span> <span class='ocrx_word' id='word_1_56' title='bbox 1045 1134 1189 1199; x_wconf 89' lang='lat' dir='ltr'>quonam</span> <span class='ocrx_word' id='word_1_57' title='bbox 1204 1115 1304 1179; x_wconf 93' lang='lat' dir='ltr'>modo</span> 
     </span>
     <span class='ocr_line' id='line_1_9' title="bbox 204 1213 1302 1300; baseline -0.001 -20"><span class='ocrx_word' id='word_1_58' title='bbox 204 1213 397 1298; x_wconf 83' lang='lat' dir='ltr'>Germanioi</span> <span class='ocrx_word' id='word_1_59' title='bbox 407 1218 529 1280; x_wconf 91' lang='lat' dir='ltr'>liberos</span> <span class='ocrx_word' id='word_1_60' title='bbox 542 1221 746 1300; x_wconf 77' lang='lat' dir='ltr'>perverteret,</span> <span class='ocrx_word' id='word_1_61' title='bbox 758 1236 898 1300; x_wconf 83' lang='lat' dir='ltr'>quorum</span> <span class='ocrx_word' id='word_1_62' title='bbox 910 1236 973 1279; x_wconf 93' lang='lat' dir='ltr'>non</span> <span class='ocrx_word' id='word_1_63' title='bbox 984 1217 1086 1298; x_wconf 92' lang='lat' dir='ltr'>dubia</span> <span class='ocrx_word' id='word_1_64' title='bbox 1101 1217 1302 1299; x_wconf 65' lang='lat' dir='ltr'>successiozf</span> 
     </span>
     <span class='ocr_line' id='line_1_10' title="bbox 203 1318 1299 1402; baseline 0 -21"><span class='ocrx_word' id='word_1_65' title='bbox 203 1337 309 1400; x_wconf 86' lang='lat' dir='ltr'>neque</span> <span class='ocrx_word' id='word_1_66' title='bbox 333 1321 444 1402; x_wconf 82' lang='lat' dir='ltr'>spargi</span> <span class='ocrx_word' id='word_1_67' title='bbox 459 1338 620 1382; x_wconf 90' lang='lat' dir='ltr'>venenum</span> <span class='ocrx_word' id='word_1_68' title='bbox 646 1318 679 1380; x_wconf 92' lang='lat' dir='ltr'>iu</span> <span class='ocrx_word' id='word_1_69' title='bbox 703 1324 767 1381; x_wconf 86' lang='lat' dir='ltr'>tres</span> <span class='ocrx_word' id='word_1_70' title='bbox 790 1322 947 1399; x_wconf 74' lang='lat' dir='ltr'>poterat,s</span> <span class='ocrx_word' id='word_1_71' title='bbox 971 1318 1102 1399; x_wconf 87' lang='lat' dir='ltr'>egregia</span> <span class='ocrx_word' id='word_1_72' title='bbox 1130 1319 1299 1381; x_wconf 86' lang='lat' dir='ltr'>custodum</span> 
     </span>
     <span class='ocr_line' id='line_1_11' title="bbox 202 1407 1331 1510; baseline 0.004 -30"><span class='ocrx_word' id='word_1_73' title='bbox 202 1419 279 1510; x_wconf 61' lang='lat' dir='ltr'>pide,</span> <span class='ocrx_word' id='word_1_74' title='bbox 307 1431 342 1484; x_wconf 89' lang='lat' dir='ltr'>et</span> <span class='ocrx_word' id='word_1_75' title='bbox 357 1422 521 1503; x_wconf 80' lang='lat' dir='ltr'>pudicitia</span> <span class='ocrx_word' id='word_1_76' title='bbox 546 1419 741 1504; x_wconf 82' lang='lat' dir='ltr'>Agrippinae</span> <span class='ocrx_word' id='word_1_77' title='bbox 766 1407 1016 1502; x_wconf 82' lang='lat' dir='ltr'>impenetrabili.</span> <span class='ocrx_word' id='word_1_78' title='bbox 1061 1417 1166 1499; x_wconf 86' lang='lat' dir='ltr'>Igitur</span> <span class='ocrx_word' id='word_1_79' title='bbox 1191 1427 1302 1490; x_wconf 88' lang='lat' dir='ltr'>contu·</span> <span class='ocrx_word' id='word_1_80' title='bbox 1317 1468 1331 1492; x_wconf 81' lang='grc'><strong>.</strong></span> 
     </span>
     <span class='ocr_line' id='line_1_12' title="bbox 201 1518 1302 1603; baseline 0.003 -21"><span class='ocrx_word' id='word_1_81' title='bbox 201 1520 345 1583; x_wconf 82' lang='lat' dir='ltr'>maniam</span> <span class='ocrx_word' id='word_1_82' title='bbox 375 1522 449 1603; x_wconf 89' lang='lat' dir='ltr'>ejus</span> <span class='ocrx_word' id='word_1_83' title='bbox 477 1522 643 1596; x_wconf 86' lang='lat' dir='ltr'>insectari,</span> <span class='ocrx_word' id='word_1_84' title='bbox 673 1524 769 1582; x_wconf 88' lang='lat' dir='ltr'>vetus</span> <span class='ocrx_word' id='word_1_85' title='bbox 795 1518 957 1601; x_wconf 84' lang='lat' dir='ltr'>Augustae</span> <span class='ocrx_word' id='word_1_86' title='bbox 981 1520 1105 1597; x_wconf 88' lang='lat' dir='ltr'>odium,</span> <span class='ocrx_word' id='word_1_87' title='bbox 1139 1527 1302 1585; x_wconf 86' lang='lat' dir='ltr'>recentem</span> 
     </span>
     <span class='ocr_line' id='line_1_13' title="bbox 202 1619 1302 1730; baseline 0.001 -47"><span class='ocrx_word' id='word_1_88' title='bbox 202 1619 311 1686; x_wconf 86' lang='lat' dir='ltr'>Liviae</span> <span class='ocrx_word' id='word_1_89' title='bbox 339 1619 584 1685; x_wconf 68' lang='lat' dir='ltr'>conscientiamt</span> <span class='ocrx_word' id='word_1_90' title='bbox 607 1622 804 1703; x_wconf 86' lang='lat' dir='ltr'>exagitare‚¹¹</span> <span class='ocrx_word' id='word_1_91' title='bbox 826 1625 889 1685; x_wconf 86' lang='lat' dir='ltr'>‘ut</span> <span class='ocrx_word' id='word_1_92' title='bbox 904 1622 1117 1704; x_wconf 80' lang='lat' dir='ltr'>superbamlv</span> <span class='ocrx_word' id='word_1_93' title='bbox 1139 1620 1302 1730; x_wconf 34' lang='lat' dir='ltr'>foecundi,⁸</span> 
     </span>
    </p>
   </div>
   <div class='ocr_carea' id='block_1_3' title="bbox 195 1781 1310 2425">
    <p class='ocr_par' dir='ltr' id='par_1_3' title="bbox 195 1781 1310 2425">
     <span class='ocr_line' id='line_1_14' title="bbox 201 1781 1302 1851; baseline 0 -19"><span class='ocrx_word' id='word_1_94' title='bbox 201 1783 273 1832; x_wconf 80' lang='lat' dir='ltr'>aerbo</span> <span class='ocrx_word' id='word_1_95' title='bbox 289 1781 436 1834; x_wconf 71' lang='lat' dir='ltr'>atterentium</span> <span class='ocrx_word' id='word_1_96' title='bbox 453 1787 528 1851; x_wconf 88' lang='lat' dir='ltr'>specie</span> <span class='ocrx_word' id='word_1_97' title='bbox 539 1787 707 1850; x_wconf 51' lang='lat' dir='ltr'>&amp;irritatione</span> <span class='ocrx_word' id='word_1_98' title='bbox 722 1788 799 1848; x_wconf 80' lang='lat' dir='ltr'>magis</span> <span class='ocrx_word' id='word_1_99' title='bbox 809 1802 877 1850; x_wconf 76' lang='lat' dir='ltr'>qnam</span> <span class='ocrx_word' id='word_1_100' title='bbox 894 1789 956 1835; x_wconf 83' lang='lat' dir='ltr'>altro</span> <span class='ocrx_word' id='word_1_101' title='bbox 967 1792 991 1835; x_wconf 83' lang='lat' dir='ltr'>ct</span> <span class='ocrx_word' id='word_1_102' title='bbox 1011 1802 1041 1834; x_wconf 83' lang='lat' dir='ltr'>ex</span> <span class='ocrx_word' id='word_1_103' title='bbox 1051 1788 1128 1835; x_wconf 82' lang='lat' dir='ltr'>animo</span> <span class='ocrx_word' id='word_1_104' title='bbox 1147 1783 1302 1850; x_wconf 67' lang='lat' dir='ltr'>«sumebant,</span> 
     </span>
     <span class='ocr_line' id='line_1_15' title="bbox 195 1843 1302 1918; baseline 0 -24"><span class='ocrx_word' id='word_1_105' title='bbox 195 1847 364 1914; x_wconf 75' lang='lat' dir='ltr'>familiareque</span> <span class='ocrx_word' id='word_1_106' title='bbox 382 1849 518 1899; x_wconf 78' lang='lat' dir='ltr'>Germanici</span> <span class='ocrx_word' id='word_1_107' title='bbox 530 1848 620 1914; x_wconf 80' lang='lat' dir='ltr'>florere</span> <span class='ocrx_word' id='word_1_108' title='bbox 636 1866 717 1913; x_wconf 75' lang='lat' dir='ltr'>mersus</span> <span class='ocrx_word' id='word_1_109' title='bbox 730 1853 814 1900; x_wconf 77' lang='lat' dir='ltr'>secreti</span> <span class='ocrx_word' id='word_1_110' title='bbox 830 1843 972 1913; x_wconf 64' lang='lat' dir='ltr'>gaadbbant.</span> <span class='ocrx_word' id='word_1_111' title='bbox 1008 1851 1076 1905; x_wconf 82' lang='lat' dir='ltr'>Quod</span> <span class='ocrx_word' id='word_1_112' title='bbox 1094 1849 1191 1898; x_wconf 81' lang='lat' dir='ltr'>initium</span> <span class='ocrx_word' id='word_1_113' title='bbox 1208 1850 1302 1918; x_wconf 44' lang='lat' dir='ltr'>amorra</span> 
     </span>
     <span class='ocr_line' id='line_1_16' title="bbox 202 1911 1303 1978; baseline 0.003 -20"><span class='ocrx_word' id='word_1_114' title='bbox 202 1912 277 1959; x_wconf 85' lang='lat' dir='ltr'>simul</span> <span class='ocrx_word' id='word_1_115' title='bbox 288 1912 401 1975; x_wconf 74' lang='lat' dir='ltr'>riparens&#39;</span> <span class='ocrx_word' id='word_1_116' title='bbox 408 1915 553 1978; x_wconf 73' lang='lat' dir='ltr'>Agrippina,</span> <span class='ocrx_word' id='word_1_117' title='bbox 562 1911 617 1975; x_wconf 76' lang='lat' dir='ltr'>aeta</span> <span class='ocrx_word' id='word_1_118' title='bbox 627 1930 671 1963; x_wconf 88' lang='lat' dir='ltr'>sun</span> <span class='ocrx_word' id='word_1_119' title='bbox 682 1915 796 1963; x_wconf 85' lang='lat' dir='ltr'>nonsatis</span> <span class='ocrx_word' id='word_1_120' title='bbox 806 1915 932 1973; x_wconf 70' lang='lat' dir='ltr'>ocatt&#39;taps,</span> <span class='ocrx_word' id='word_1_121' title='bbox 944 1914 1043 1962; x_wconf 81' lang='lat' dir='ltr'>esitium</span> <span class='ocrx_word' id='word_1_122' title='bbox 1053 1915 1103 1962; x_wconf 87' lang='lat' dir='ltr'>illis</span> <span class='ocrx_word' id='word_1_123' title='bbox 1114 1926 1303 1978; x_wconf 75' lang='lat' dir='ltr'>approperacere.</span> 
     </span>
     <span class='ocr_line' id='line_1_17' title="bbox 203 1973 1303 2041; baseline 0.001 -19"><span class='ocrx_word' id='word_1_124' title='bbox 203 1976 298 2038; x_wconf 81' lang='lat' dir='ltr'>Quippe</span> <span class='ocrx_word' id='word_1_125' title='bbox 314 1973 422 2039; x_wconf 71' lang='lat' dir='ltr'>Seianas,</span> <span class='ocrx_word' id='word_1_126' title='bbox 439 1985 559 2041; x_wconf 79' lang='lat' dir='ltr'>postquam</span> <span class='ocrx_word' id='word_1_127' title='bbox 567 1980 735 2027; x_wconf 76' lang='lat' dir='ltr'>animaduertit</span> <span class='ocrx_word' id='word_1_128' title='bbox 745 1980 847 2026; x_wconf 74' lang='lat' dir='ltr'>exitium</span> <span class='ocrx_word' id='word_1_129' title='bbox 858 1980 935 2030; x_wconf 82' lang='lat' dir='ltr'>Drusi</span> <span class='ocrx_word' id='word_1_130' title='bbox 946 1980 1038 2039; x_wconf 83' lang='lat' dir='ltr'>impune</span> <span class='ocrx_word' id='word_1_131' title='bbox 1047 1977 1125 2037; x_wconf 81' lang='lat' dir='ltr'>fnisse</span> <span class='ocrx_word' id='word_1_132' title='bbox 1134 1977 1239 2025; x_wconf 88' lang='lat' dir='ltr'>sceleris</span> <span class='ocrx_word' id='word_1_133' title='bbox 1249 1990 1303 2023; x_wconf 85' lang='lat' dir='ltr'>auc·</span> 
     </span>
     <span class='ocr_line' id='line_1_18' title="bbox 201 2039 1310 2106; baseline -0.001 -19"><span class='ocrx_word' id='word_1_134' title='bbox 201 2041 304 2100; x_wconf 73' lang='lat' dir='ltr'>toritas,</span> <span class='ocrx_word' id='word_1_135' title='bbox 315 2039 378 2089; x_wconf 77' lang='lat' dir='ltr'>ferri</span> <span class='ocrx_word' id='word_1_136' title='bbox 390 2042 476 2106; x_wconf 81' lang='lat' dir='ltr'>absque</span> <span class='ocrx_word' id='word_1_137' title='bbox 487 2039 590 2090; x_wconf 72' lang='lat' dir='ltr'>tristitia</span> <span class='ocrx_word' id='word_1_138' title='bbox 600 2043 687 2105; x_wconf 82' lang='lat' dir='ltr'>populi,</span> <span class='ocrx_word' id='word_1_139' title='bbox 695 2047 844 2105; x_wconf 80' lang='lat' dir='ltr'>patrumque,</span> <span class='ocrx_word' id='word_1_140' title='bbox 854 2044 907 2102; x_wconf 79' lang='lat' dir='ltr'>jam</span> <span class='ocrx_word' id='word_1_141' title='bbox 916 2042 1028 2105; x_wconf 74' lang='lat' dir='ltr'>superbus</span> <span class='ocrx_word' id='word_1_142' title='bbox 1037 2048 1060 2090; x_wconf 87' lang='lat' dir='ltr'>et</span> <span class='ocrx_word' id='word_1_143' title='bbox 1071 2044 1149 2090; x_wconf 73' lang='lat' dir='ltr'>audes</span> <span class='ocrx_word' id='word_1_144' title='bbox 1154 2040 1310 2101; x_wconf 67' lang='lat' dir='ltr'>facinorum,</span> 
     </span>
     <span class='ocr_line' id='line_1_19' title="bbox 201 2103 1302 2169; baseline 0.001 -19"><span class='ocrx_word' id='word_1_145' title='bbox 201 2108 225 2150; x_wconf 76' lang='lat' dir='ltr'>‘et</span> <span class='ocrx_word' id='word_1_146' title='bbox 238 2106 291 2165; x_wconf 79' lang='lat' dir='ltr'>qaia</span> <span class='ocrx_word' id='word_1_147' title='bbox 306 2107 385 2166; x_wconf 85' lang='lat' dir='ltr'>prima</span> <span class='ocrx_word' id='word_1_148' title='bbox 395 2122 438 2168; x_wconf 86' lang='lat' dir='ltr'>pro</span> <span class='ocrx_word' id='word_1_149' title='bbox 450 2107 511 2155; x_wconf 82' lang='lat' dir='ltr'>ostis</span> <span class='ocrx_word' id='word_1_150' title='bbox 527 2113 653 2165; x_wconf 70' lang='lat' dir='ltr'>temeram,</span> <span class='ocrx_word' id='word_1_151' title='bbox 670 2108 765 2166; x_wconf 81' lang='lat' dir='ltr'>agitare</span> <span class='ocrx_word' id='word_1_152' title='bbox 777 2109 863 2159; x_wconf 74' lang='lat' dir='ltr'>animo.</span> <span class='ocrx_word' id='word_1_153' title='bbox 879 2122 977 2169; x_wconf 62' lang='lat' dir='ltr'>porram</span> <span class='ocrx_word' id='word_1_154' title='bbox 994 2111 1063 2168; x_wconf 87' lang='lat' dir='ltr'>pacto</span> <span class='ocrx_word' id='word_1_155' title='bbox 1080 2104 1223 2152; x_wconf 69' lang='lat' dir='ltr'>sinceraret</span> <span class='ocrx_word' id='word_1_156' title='bbox 1240 2103 1302 2151; x_wconf 81' lang='lat' dir='ltr'>Ger-</span> 
     </span>
     <span class='ocr_line' id='line_1_20' title="bbox 203 2168 1303 2233; baseline 0 -19"><span class='ocrx_word' id='word_1_157' title='bbox 203 2168 290 2215; x_wconf 81' lang='lat' dir='ltr'>manici</span> <span class='ocrx_word' id='word_1_158' title='bbox 303 2169 381 2233; x_wconf 79' lang='lat' dir='ltr'>filiae,</span> <span class='ocrx_word' id='word_1_159' title='bbox 397 2173 429 2218; x_wconf 82' lang='lat' dir='ltr'>ad</span> <span class='ocrx_word' id='word_1_160' title='bbox 448 2184 504 2231; x_wconf 78' lang='lat' dir='ltr'>quos</span> <span class='ocrx_word' id='word_1_161' title='bbox 514 2175 577 2218; x_wconf 83' lang='lat' dir='ltr'>certe</span> <span class='ocrx_word' id='word_1_162' title='bbox 587 2170 708 2232; x_wconf 76' lang='lat' dir='ltr'>spectabat</span> <span class='ocrx_word' id='word_1_163' title='bbox 726 2170 829 2231; x_wconf 89' lang='lat' dir='ltr'>imperii</span> <span class='ocrx_word' id='word_1_164' title='bbox 840 2170 959 2218; x_wconf 69' lang='lat' dir='ltr'>successio.</span> <span class='ocrx_word' id='word_1_165' title='bbox 995 2172 1076 2230; x_wconf 71' lang='lat' dir='ltr'>Nepae</span> <span class='ocrx_word' id='word_1_166' title='bbox 1087 2169 1191 2231; x_wconf 79' lang='lat' dir='ltr'>diffundi</span> <span class='ocrx_word' id='word_1_167' title='bbox 1201 2168 1303 2215; x_wconf 77' lang='lat' dir='ltr'>cirasia</span> 
     </span>
     <span class='ocr_line' id='line_1_21' title="bbox 200 2230 1302 2297; baseline 0.003 -22"><span class='ocrx_word' id='word_1_168' title='bbox 200 2236 252 2279; x_wconf 79' lang='lat' dir='ltr'>tres</span> <span class='ocrx_word' id='word_1_169' title='bbox 268 2231 363 2281; x_wconf 84' lang='lat' dir='ltr'>fratres</span> <span class='ocrx_word' id='word_1_170' title='bbox 378 2238 481 2295; x_wconf 87' lang='lat' dir='ltr'>poterat,</span> <span class='ocrx_word' id='word_1_171' title='bbox 498 2234 653 2295; x_wconf 69' lang='lat' dir='ltr'>arrengum</span> <span class='ocrx_word' id='word_1_172' title='bbox 670 2235 790 2281; x_wconf 81' lang='lat' dir='ltr'>custodum</span> <span class='ocrx_word' id='word_1_173' title='bbox 801 2234 886 2297; x_wconf 75' lang='lat' dir='ltr'>fidem,</span> <span class='ocrx_word' id='word_1_174' title='bbox 903 2239 926 2281; x_wconf 85' lang='lat' dir='ltr'>et</span> <span class='ocrx_word' id='word_1_175' title='bbox 936 2232 1143 2294; x_wconf 75' lang='lat' dir='ltr'>inexpugnabilem</span> <span class='ocrx_word' id='word_1_176' title='bbox 1160 2230 1302 2293; x_wconf 71' lang='lat' dir='ltr'>Agrippina</span> 
     </span>
     <span class='ocr_line' id='line_1_22' title="bbox 197 2294 1302 2359; baseline 0 -17"><span class='ocrx_word' id='word_1_177' title='bbox 197 2296 348 2356; x_wconf 77' lang='lat' dir='ltr'>petdieitiam.</span> <span class='ocrx_word' id='word_1_178' title='bbox 383 2297 467 2359; x_wconf 76' lang='lat' dir='ltr'>Itaque</span> <span class='ocrx_word' id='word_1_179' title='bbox 476 2298 632 2359; x_wconf 66' lang='lat' dir='ltr'>pernicia-iarn</span> <span class='ocrx_word' id='word_1_180' title='bbox 642 2297 694 2355; x_wconf 58' lang='lat' dir='ltr'>pus</span> <span class='ocrx_word' id='word_1_181' title='bbox 704 2297 827 2344; x_wconf 56' lang='lat' dir='ltr'>comitari</span> <span class='ocrx_word' id='word_1_182' title='bbox 839 2297 929 2359; x_wconf 76' lang='lat' dir='ltr'>caepit,</span> <span class='ocrx_word' id='word_1_183' title='bbox 942 2297 1045 2358; x_wconf 59' lang='lat' dir='ltr'>pacem</span> <span class='ocrx_word' id='word_1_184' title='bbox 1055 2297 1132 2344; x_wconf 78' lang='lat' dir='ltr'>Livia</span> <span class='ocrx_word' id='word_1_185' title='bbox 1142 2294 1302 2357; x_wconf 78' lang='lat' dir='ltr'>offensionem,</span> 
     </span>
     <span class='ocr_line' id='line_1_23' title="bbox 200 2359 1301 2425; baseline 0.001 -19"><span class='ocrx_word' id='word_1_186' title='bbox 200 2359 284 2421; x_wconf 62' lang='lat' dir='ltr'>nuperi</span> <span class='ocrx_word' id='word_1_187' title='bbox 295 2361 408 2409; x_wconf 69' lang='lat' dir='ltr'>conciam</span> <span class='ocrx_word' id='word_1_188' title='bbox 421 2360 539 2420; x_wconf 67' lang='lat' dir='ltr'>sudantis</span> <span class='ocrx_word' id='word_1_189' title='bbox 550 2362 662 2416; x_wconf 72' lang='lat' dir='ltr'>Litittam</span> <span class='ocrx_word' id='word_1_190' title='bbox 672 2361 833 2421; x_wconf 73' lang='lat' dir='ltr'>aestimatore,</span> <span class='ocrx_word' id='word_1_191' title='bbox 841 2364 869 2409; x_wconf 79' lang='lat' dir='ltr'>at</span> <span class='ocrx_word' id='word_1_192' title='bbox 879 2364 947 2425; x_wconf 81' lang='lat' dir='ltr'>apud·</span> <span class='ocrx_word' id='word_1_193' title='bbox 959 2361 1078 2424; x_wconf 70' lang='lat' dir='ltr'>libertam</span> <span class='ocrx_word' id='word_1_194' title='bbox 1087 2360 1220 2409; x_wconf 79' lang='lat' dir='ltr'>incusarent</span> <span class='ocrx_word' id='word_1_195' title='bbox 1232 2372 1301 2407; x_wconf 89' lang='lat' dir='ltr'>arro·</span> 
     </span>
    </p>
   </div>
   <div class='ocr_carea' id='block_1_4' title="bbox 232 2469 1303 2616">
    <p class='ocr_par' dir='ltr' id='par_1_4' title="bbox 232 2469 1303 2616">
     <span class='ocr_line' id='line_1_24' title="bbox 663 2469 839 2502; baseline 0.017 -9"><span class='ocrx_word' id='word_1_196' title='bbox 663 2469 839 2502; x_wconf 65' lang='lat' dir='ltr'>smmum</span> 
     </span>
     <span class='ocr_line' id='line_1_25' title="bbox 232 2530 1303 2616; baseline -0.003 -32"><span class='ocrx_word' id='word_1_197' title='bbox 232 2540 248 2584; x_wconf 91' lang='lat' dir='ltr'>-l</span> <span class='ocrx_word' id='word_1_198' title='bbox 267 2535 381 2588; x_wconf 80' lang='lat' dir='ltr'>inlibris</span> <span class='ocrx_word' id='word_1_199' title='bbox 400 2536 486 2614; x_wconf 82' lang='lat' dir='ltr'>editis,</span> <span class='ocrx_word' id='word_1_200' title='bbox 504 2542 534 2616; x_wconf 72' lang='lat' dir='ltr'>at</span> <span class='ocrx_word' id='word_1_201' title='bbox 550 2537 689 2614; x_wconf 67' lang='lat' dir='ltr'>superbiant,</span> <span class='ocrx_word' id='word_1_202' title='bbox 725 2536 930 2612; x_wconf 80' lang='lat' dir='ltr'>Emendandum,</span> <span class='ocrx_word' id='word_1_203' title='bbox 946 2535 1077 2597; x_wconf 78' lang='lat' dir='ltr'>strperbam,</span> <span class='ocrx_word' id='word_1_204' title='bbox 1089 2533 1185 2596; x_wconf 84' lang='lat' dir='ltr'>optime</span> <span class='ocrx_word' id='word_1_205' title='bbox 1204 2530 1303 2603; x_wconf 80' lang='lat' dir='ltr'>monuit</span> 
     </span>
    </p>
   </div>
   <div class='ocr_carea' id='block_1_5' title="bbox 693 2666 800 2715">
    <p class='ocr_par' dir='ltr' id='par_1_5' title="bbox 693 2666 800 2715">
     <span class='ocr_line' id='line_1_26' title="bbox 693 2666 800 2715; baseline -0.009 0"><span class='ocrx_word' id='word_1_206' title='bbox 693 2666 800 2715; x_wconf 66' lang='grc' dir='ltr'><strong>ΝΟΉῈ</strong></span> 
     </span>
    </p>
   </div>
   <div class='ocr_carea' id='block_1_6' title="bbox 198 2759 1359 3956">
    <p class='ocr_par' dir='ltr' id='par_1_6' title="bbox 198 2759 1359 3956">
     <span class='ocr_line' id='line_1_27' title="bbox 199 2759 1301 2832; baseline -0.005 -19"><span class='ocrx_word' id='word_1_207' title='bbox 199 2764 402 2814; x_wconf 79' lang='lat' dir='ltr'>‘delectabatur</span> <span class='ocrx_word' id='word_1_208' title='bbox 419 2766 615 2829; x_wconf 72' lang='lat' dir='ltr'>gladiatoribus,</span> <span class='ocrx_word' id='word_1_209' title='bbox 626 2773 653 2815; x_wconf 80' lang='lat' dir='ltr'>et</span> <span class='ocrx_word' id='word_1_210' title='bbox 666 2781 731 2832; x_wconf 86' lang='lat' dir='ltr'>prae·</span> <span class='ocrx_word' id='word_1_211' title='bbox 802 2772 815 2806; x_wconf 75' lang='lat'>1‘</span> <span class='ocrx_word' id='word_1_212' title='bbox 848 2761 1016 2824; x_wconf 83' lang='lat' dir='ltr'>Simulatiorte]</span> <span class='ocrx_word' id='word_1_213' title='bbox 1049 2761 1199 2811; x_wconf 83' lang='lat' dir='ltr'>Moerebant</span> <span class='ocrx_word' id='word_1_214' title='bbox 1220 2759 1301 2822; x_wconf 83' lang='lat' dir='ltr'>magis</span> 
     </span>
     <span class='ocr_line' id='line_1_28' title="bbox 200 2829 1301 2905; baseline -0.001 -17"><span class='ocrx_word' id='word_1_215' title='bbox 200 2840 289 2888; x_wconf 89' lang='lat' dir='ltr'>sertim</span> <span class='ocrx_word' id='word_1_216' title='bbox 310 2838 468 2888; x_wconf 83' lang='lat' dir='ltr'>meridianis.</span> <span class='ocrx_word' id='word_1_217' title='bbox 508 2830 730 2903; x_wconf 67' lang='lat' dir='ltr'>laeo&#39;pler&#39;osq&#39;ue</span> <span class='ocrx_word' id='word_1_218' title='bbox 771 2857 818 2905; x_wconf 90' lang='lat' dir='ltr'>per</span> <span class='ocrx_word' id='word_1_219' title='bbox 840 2829 1036 2900; x_wconf 81' lang='lat' dir='ltr'>simulationem,</span> <span class='ocrx_word' id='word_1_220' title='bbox 1059 2853 1135 2902; x_wconf 86' lang='lat' dir='ltr'>quarn</span> <span class='ocrx_word' id='word_1_221' title='bbox 1153 2853 1186 2886; x_wconf 86' lang='lat' dir='ltr'>ex</span> <span class='ocrx_word' id='word_1_222' title='bbox 1207 2839 1301 2900; x_wconf 80' lang='lat' dir='ltr'>animo.</span> 
     </span>
     <span class='ocr_line' id='line_1_29' title="bbox 200 2904 1301 2982; baseline -0.001 -19"><span class='ocrx_word' id='word_1_223' title='bbox 200 2904 477 2977; x_wconf 78' lang='lat' dir='ltr'>servos‚qiridominos</span> <span class='ocrx_word' id='word_1_224' title='bbox 494 2914 541 2962; x_wconf 91' lang='lat' dir='ltr'>sub</span> <span class='ocrx_word' id='word_1_225' title='bbox 558 2914 676 2963; x_wconf 82' lang='lat' dir='ltr'>Caio&#39;aut</span> <span class='ocrx_word' id='word_1_226' title='bbox 691 2915 731 2963; x_wconf 85' lang='lat' dir='ltr'>Ti·</span> <span class='ocrx_word' id='word_1_227' title='bbox 770 2919 880 2966; x_wconf 89' lang='lat' dir='ltr'>Secreto</span> <span class='ocrx_word' id='word_1_228' title='bbox 907 2918 974 2982; x_wconf 85' lang='lat' dir='ltr'>enirn</span> <span class='ocrx_word' id='word_1_229' title='bbox 1007 2907 1165 2978; x_wconf 80' lang='lat' dir='ltr'>gaudebant,</span> <span class='ocrx_word' id='word_1_230' title='bbox 1200 2914 1301 2963; x_wconf 87' lang='lat' dir='ltr'>sublato</span> 
     </span>
     <span class='ocr_line' id='line_1_30' title="bbox 200 2978 1301 3052; baseline 0 -16"><span class='ocrx_word' id='word_1_231' title='bbox 200 2989 273 3042; x_wconf 74' lang='lat' dir='ltr'>borio</span> <span class='ocrx_word' id='word_1_232' title='bbox 301 2990 450 3037; x_wconf 84' lang='lat' dir='ltr'>calumniati</span> <span class='ocrx_word' id='word_1_233' title='bbox 476 2995 560 3052; x_wconf 85' lang='lat' dir='ltr'>erant,</span> <span class='ocrx_word' id='word_1_234' title='bbox 581 2990 630 3038; x_wconf 86' lang='lat' dir='ltr'>hoe</span> <span class='ocrx_word' id='word_1_235' title='bbox 651 2989 728 3038; x_wconf 89' lang='lat' dir='ltr'>modo</span> <span class='ocrx_word' id='word_1_236' title='bbox 768 2993 866 3052; x_wconf 85' lang='lat' dir='ltr'>Druso,</span> <span class='ocrx_word' id='word_1_237' title='bbox 894 2983 937 3052; x_wconf 79' lang='lat' dir='ltr'>qui</span> <span class='ocrx_word' id='word_1_238' title='bbox 956 3005 1020 3038; x_wconf 81' lang='lat' dir='ltr'>unua</span> <span class='ocrx_word' id='word_1_239' title='bbox 1044 2988 1192 3038; x_wconf 82' lang='lat' dir='ltr'>Gernranici</span> <span class='ocrx_word' id='word_1_240' title='bbox 1215 2978 1301 3048; x_wconf 76' lang='lat' dir='ltr'>liberis</span> 
     </span>
     <span class='ocr_line' id='line_1_31' title="bbox 199 3056 1301 3129; baseline -0.002 -16"><span class='ocrx_word' id='word_1_241' title='bbox 199 3065 335 3127; x_wconf 81' lang='lat' dir='ltr'>perdebat.</span> <span class='ocrx_word' id='word_1_242' title='bbox 365 3056 511 3127; x_wconf 81' lang='lat' dir='ltr'>Eorumque</span> <span class='ocrx_word' id='word_1_243' title='bbox 524 3071 611 3112; x_wconf 87' lang='lat' dir='ltr'>tantus</span> <span class='ocrx_word' id='word_1_244' title='bbox 623 3062 672 3113; x_wconf 87' lang='lat' dir='ltr'>fuit</span> <span class='ocrx_word' id='word_1_245' title='bbox 684 3080 729 3112; x_wconf 91' lang='lat' dir='ltr'>nu·</span> <span class='ocrx_word' id='word_1_246' title='bbox 768 3065 888 3129; x_wconf 73' lang='lat' dir='ltr'>praterri</span> <span class='ocrx_word' id='word_1_247' title='bbox 906 3064 1041 3123; x_wconf 78' lang='lat' dir='ltr'>debuerat,</span> <span class='ocrx_word' id='word_1_248' title='bbox 1057 3063 1124 3110; x_wconf 86' lang='lat' dir='ltr'>illins</span> <span class='ocrx_word' id='word_1_249' title='bbox 1140 3061 1242 3109; x_wconf 87' lang='lat' dir='ltr'>domurn</span> <span class='ocrx_word' id='word_1_250' title='bbox 1262 3075 1301 3111; x_wconf 85' lang='lat' dir='ltr'>re·</span> 
     </span>
     <span class='ocr_line' id='line_1_32' title="bbox 199 3131 907 3198; baseline 0 -11"><span class='ocrx_word' id='word_1_251' title='bbox 199 3132 294 3198; x_wconf 73' lang='lat' dir='ltr'>inertis,</span> <span class='ocrx_word' id='word_1_252' title='bbox 314 3144 343 3190; x_wconf 89' lang='lat' dir='ltr'>ut</span> <span class='ocrx_word' id='word_1_253' title='bbox 362 3137 474 3198; x_wconf 82' lang='lat' dir='ltr'>Augusti</span> <span class='ocrx_word' id='word_1_254' title='bbox 493 3146 605 3186; x_wconf 85' lang='lat' dir='ltr'>sta-tuam</span> <span class='ocrx_word' id='word_1_255' title='bbox 626 3154 657 3186; x_wconf 85' lang='lat' dir='ltr'>eo</span> <span class='ocrx_word' id='word_1_256' title='bbox 676 3140 728 3187; x_wconf 85' lang='lat' dir='ltr'>loni</span> <span class='ocrx_word' id='word_1_257' title='bbox 771 3131 907 3187; x_wconf 76' lang='lat' dir='ltr'>viviscere.</span> 
     </span>
     <span class='ocr_line' id='line_1_33' title="bbox 200 3206 1301 3276; baseline -0.002 -14"><span class='ocrx_word' id='word_1_258' title='bbox 200 3206 310 3276; x_wconf 83' lang='lat' dir='ltr'>positam</span> <span class='ocrx_word' id='word_1_259' title='bbox 327 3212 434 3275; x_wconf 82' lang='lat' dir='ltr'>jusserit</span> <span class='ocrx_word' id='word_1_260' title='bbox 455 3211 598 3274; x_wconf 81' lang='lat' dir='ltr'>transferri,</span> <span class='ocrx_word' id='word_1_261' title='bbox 629 3227 662 3261; x_wconf 88' lang='lat' dir='ltr'>ne</span> <span class='ocrx_word' id='word_1_262' title='bbox 684 3222 730 3261; x_wconf 90' lang='lat' dir='ltr'>ant</span> <span class='ocrx_word' id='word_1_263' title='bbox 801 3211 1042 3274; x_wconf 71' lang='lat' dir='ltr'>rreroxscerersm]</span> <span class='ocrx_word' id='word_1_264' title='bbox 1070 3210 1228 3273; x_wconf 86' lang='lat' dir='ltr'>Animojam</span> <span class='ocrx_word' id='word_1_265' title='bbox 1242 3215 1301 3260; x_wconf 83' lang='lat' dir='ltr'>ante</span> 
     </span>
     <span class='ocr_line' id='line_1_34' title="bbox 199 3279 1302 3356; baseline -0.002 -19"><span class='ocrx_word' id='word_1_266' title='bbox 199 3301 302 3351; x_wconf 79' lang='lat' dir='ltr'>semper</span> <span class='ocrx_word' id='word_1_267' title='bbox 312 3287 442 3349; x_wconf 81' lang='lat' dir='ltr'>aspiceret</span> <span class='ocrx_word' id='word_1_268' title='bbox 458 3286 553 3349; x_wconf 83' lang='lat' dir='ltr'>aaedes,</span> <span class='ocrx_word' id='word_1_269' title='bbox 572 3295 617 3337; x_wconf 87' lang='lat' dir='ltr'>aut</span> <span class='ocrx_word' id='word_1_270' title='bbox 628 3303 731 3352; x_wconf 83' lang='lat' dir='ltr'>semper</span> <span class='ocrx_word' id='word_1_271' title='bbox 771 3288 803 3336; x_wconf 89' lang='lat' dir='ltr'>ad</span> <span class='ocrx_word' id='word_1_272' title='bbox 817 3282 936 3336; x_wconf 86' lang='lat' dir='ltr'>audenda</span> <span class='ocrx_word' id='word_1_273' title='bbox 947 3288 1046 3335; x_wconf 86' lang='lat' dir='ltr'>scelera</span> <span class='ocrx_word' id='word_1_274' title='bbox 1063 3293 1163 3356; x_wconf 87' lang='lat' dir='ltr'>prornto</span> <span class='ocrx_word' id='word_1_275' title='bbox 1178 3292 1206 3335; x_wconf 88' lang='lat' dir='ltr'>et</span> <span class='ocrx_word' id='word_1_276' title='bbox 1216 3279 1302 3348; x_wconf 73' lang='lat' dir='ltr'>serapi</span> 
     </span>
     <span class='ocr_line' id='line_1_35' title="bbox 198 3353 1359 3432; baseline 0 -20"><span class='ocrx_word' id='word_1_277' title='bbox 198 3364 383 3426; x_wconf 70' lang='lat' dir='ltr'>reclamasset?</span> <span class='ocrx_word' id='word_1_278' title='bbox 417 3356 419 3360; x_wconf 69' lang='grc'><strong>’</strong></span> <span class='ocrx_word' id='word_1_279' title='bbox 517 3353 520 3358; x_wconf 58' lang='grc'>’</span> <span class='ocrx_word' id='word_1_280' title='bbox 684 3369 689 3377; x_wconf 92' lang='grc'>’</span> <span class='ocrx_word' id='word_1_281' title='bbox 772 3366 904 3427; x_wconf 82' lang='lat' dir='ltr'>praeditus,</span> <span class='ocrx_word' id='word_1_282' title='bbox 920 3365 994 3428; x_wconf 84' lang='lat' dir='ltr'>simul</span> <span class='ocrx_word' id='word_1_283' title='bbox 1016 3357 1171 3425; x_wconf 79' lang='lat' dir='ltr'>impunitate</span> <span class='ocrx_word' id='word_1_284' title='bbox 1189 3354 1302 3432; x_wconf 57' lang='lat' dir='ltr'>‚feliciter</span> <span class='ocrx_word' id='word_1_285' title='bbox 1357 3359 1359 3364; x_wconf 79' lang='grc'><strong>’</strong></span> 
     </span>
     <span class='ocr_line' id='line_1_36' title="bbox 232 3438 1186 3512; baseline -0.001 -24"><span class='ocrx_word' id='word_1_286' title='bbox 232 3440 355 3488; x_wconf 83' lang='lat' dir='ltr'>Ceterum</span> <span class='ocrx_word' id='word_1_287' title='bbox 370 3440 404 3488; x_wconf 92' lang='lat' dir='ltr'>de</span> <span class='ocrx_word' id='word_1_288' title='bbox 423 3438 561 3498; x_wconf 81' lang='lat' dir='ltr'>Pontifiee,</span> <span class='ocrx_word' id='word_1_289' title='bbox 579 3441 606 3512; x_wconf 80' lang='lat' dir='ltr'>in</span> <span class='ocrx_word' id='word_1_290' title='bbox 626 3440 731 3491; x_wconf 77' lang='lat' dir='ltr'>Judaeo·</span> <span class='ocrx_word' id='word_1_291' title='bbox 771 3441 872 3506; x_wconf 77' lang='lat' dir='ltr'>experti</span> <span class='ocrx_word' id='word_1_292' title='bbox 882 3439 1002 3509; x_wconf 83' lang='lat' dir='ltr'>veneficii</span> <span class='ocrx_word' id='word_1_293' title='bbox 1012 3438 1186 3498; x_wconf 83' lang='lat' dir='ltr'>confirmatus.</span> 
     </span>
     <span class='ocr_line' id='line_1_37' title="bbox 202 3507 1301 3582; baseline -0.001 -20"><span class='ocrx_word' id='word_1_294' title='bbox 202 3527 258 3563; x_wconf 70' lang='lat' dir='ltr'>turn</span> <span class='ocrx_word' id='word_1_295' title='bbox 269 3515 333 3576; x_wconf 87' lang='lat' dir='ltr'>ritu,</span> <span class='ocrx_word' id='word_1_296' title='bbox 340 3515 423 3562; x_wconf 87' lang='lat' dir='ltr'>simile</span> <span class='ocrx_word' id='word_1_297' title='bbox 434 3515 509 3563; x_wconf 86' lang='lat' dir='ltr'>Plrilo</span> <span class='ocrx_word' id='word_1_298' title='bbox 521 3523 603 3576; x_wconf 85' lang='lat' dir='ltr'>notat,</span> <span class='ocrx_word' id='word_1_299' title='bbox 622 3517 664 3564; x_wconf 86' lang='lat' dir='ltr'>De</span> <span class='ocrx_word' id='word_1_300' title='bbox 675 3517 731 3564; x_wconf 86' lang='lat' dir='ltr'>Mo·</span> <span class='ocrx_word' id='word_1_301' title='bbox 802 3516 813 3547; x_wconf 64' lang='lat' dir='ltr'>f</span> <span class='ocrx_word' id='word_1_302' title='bbox 829 3507 936 3582; x_wconf 61' lang='lat' dir='ltr'>Quoiam</span> <span class='ocrx_word' id='word_1_303' title='bbox 947 3530 993 3563; x_wconf 78' lang='lat' dir='ltr'>nos</span> <span class='ocrx_word' id='word_1_304' title='bbox 1011 3515 1081 3561; x_wconf 83' lang='lat' dir='ltr'>datia</span> <span class='ocrx_word' id='word_1_305' title='bbox 1098 3511 1221 3582; x_wconf 70' lang='lat' dir='ltr'>macerem]</span> <span class='ocrx_word' id='word_1_306' title='bbox 1238 3513 1301 3561; x_wconf 86' lang='lat' dir='ltr'>Seii.</span> 
     </span>
     <span class='ocr_line' id='line_1_38' title="bbox 199 3590 1301 3660; baseline -0.002 -19"><span class='ocrx_word' id='word_1_307' title='bbox 199 3592 318 3643; x_wconf 73' lang='lat' dir='ltr'>aaronis:</span> <span class='ocrx_word' id='word_1_308' title='bbox 337 3591 622 3660; x_wconf 74' lang='lat' dir='ltr'>‘acadavereareeri&#39;</span> <span class='ocrx_word' id='word_1_309' title='bbox 770 3594 803 3642; x_wconf 85' lang='lat' dir='ltr'>ad</span> <span class='ocrx_word' id='word_1_310' title='bbox 824 3594 1006 3656; x_wconf 77' lang='lat' dir='ltr'>principatum,</span> <span class='ocrx_word' id='word_1_311' title='bbox 1025 3596 1077 3649; x_wconf 82' lang='lat' dir='ltr'>cni,</span> <span class='ocrx_word' id='word_1_312' title='bbox 1100 3600 1184 3640; x_wconf 85' lang='lat' dir='ltr'>amoto</span> <span class='ocrx_word' id='word_1_313' title='bbox 1204 3590 1301 3656; x_wconf 80' lang='lat' dir='ltr'>Druso,</span> 
     </span>
     <span class='ocr_line' id='line_1_39' title="bbox 231 3665 1101 3733; baseline 0 -18"><span class='ocrx_word' id='word_1_314' title='bbox 231 3666 307 3716; x_wconf 86' lang='lat' dir='ltr'>Dicit</span> <span class='ocrx_word' id='word_1_315' title='bbox 317 3667 378 3725; x_wconf 85' lang='lat' dir='ltr'>Dio,</span> <span class='ocrx_word' id='word_1_316' title='bbox 396 3671 465 3724; x_wconf 90' lang='lat' dir='ltr'>‘non</span> <span class='ocrx_word' id='word_1_317' title='bbox 481 3665 561 3714; x_wconf 83' lang='lat' dir='ltr'>fuisse</span> <span class='ocrx_word' id='word_1_318' title='bbox 573 3666 729 3728; x_wconf 86' lang='lat' dir='ltr'>prohibitum</span> <span class='ocrx_word' id='word_1_319' title='bbox 770 3683 846 3719; x_wconf 84' lang='lat' dir='ltr'>nemo</span> <span class='ocrx_word' id='word_1_320' title='bbox 856 3670 911 3733; x_wconf 86' lang='lat' dir='ltr'>jam</span> <span class='ocrx_word' id='word_1_321' title='bbox 920 3677 978 3717; x_wconf 88' lang='lat' dir='ltr'>erat</span> <span class='ocrx_word' id='word_1_322' title='bbox 989 3669 1101 3730; x_wconf 85' lang='lat' dir='ltr'>propior.</span> 
     </span>
     <span class='ocr_line' id='line_1_40' title="bbox 200 3741 1302 3808; baseline -0.003 -18"><span class='ocrx_word' id='word_1_323' title='bbox 200 3741 322 3792; x_wconf 84' lang='lat' dir='ltr'>Pontifici</span> <span class='ocrx_word' id='word_1_324' title='bbox 331 3742 442 3791; x_wconf 86' lang='lat' dir='ltr'>maximo</span> <span class='ocrx_word' id='word_1_325' title='bbox 452 3742 563 3791; x_wconf 86' lang='lat' dir='ltr'>cadaver</span> <span class='ocrx_word' id='word_1_326' title='bbox 574 3742 730 3803; x_wconf 82' lang='lat' dir='ltr'>videre,&#39;sed</span> <span class='ocrx_word' id='word_1_327' title='bbox 802 3750 812 3775; x_wconf 83' lang='lat'><strong>¹</strong></span> <span class='ocrx_word' id='word_1_328' title='bbox 829 3745 910 3806; x_wconf 73' lang='lat' dir='ltr'>Nepae</span> <span class='ocrx_word' id='word_1_329' title='bbox 920 3744 1003 3806; x_wconf 80' lang='lat' dir='ltr'>spargi</span> <span class='ocrx_word' id='word_1_330' title='bbox 1013 3758 1123 3805; x_wconf 70' lang='lat' dir='ltr'>amenum</span> <span class='ocrx_word' id='word_1_331' title='bbox 1134 3744 1161 3790; x_wconf 84' lang='lat' dir='ltr'>ia</span> <span class='ocrx_word' id='word_1_332' title='bbox 1173 3746 1221 3789; x_wconf 82' lang='lat' dir='ltr'>tres</span> <span class='ocrx_word' id='word_1_333' title='bbox 1236 3744 1302 3808; x_wconf 73' lang='lat' dir='ltr'>pete-</span> 
     </span>
     <span class='ocr_line' id='line_1_41' title="bbox 200 3812 1301 3881; baseline -0.004 -15"><span class='ocrx_word' id='word_1_334' title='bbox 200 3832 251 3868; x_wconf 79' lang='lat' dir='ltr'>rion</span> <span class='ocrx_word' id='word_1_335' title='bbox 264 3818 360 3881; x_wconf 88' lang='lat' dir='ltr'>probat</span> <span class='ocrx_word' id='word_1_336' title='bbox 375 3818 520 3867; x_wconf 73' lang='lat' dir='ltr'>Graculus.</span> <span class='ocrx_word' id='word_1_337' title='bbox 555 3818 650 3868; x_wconf 87' lang='lat' dir='ltr'>Melius</span> <span class='ocrx_word' id='word_1_338' title='bbox 669 3817 730 3865; x_wconf 91' lang='lat' dir='ltr'>Plu·</span> <span class='ocrx_word' id='word_1_339' title='bbox 770 3817 821 3880; x_wconf 82' lang='lat' dir='ltr'>rat]</span> <span class='ocrx_word' id='word_1_340' title='bbox 837 3820 899 3867; x_wconf 83' lang='lat' dir='ltr'>Tres</span> <span class='ocrx_word' id='word_1_341' title='bbox 912 3812 1090 3881; x_wconf 80' lang='lat' dir='ltr'>intelliguntur·</span> <span class='ocrx_word' id='word_1_342' title='bbox 1102 3817 1147 3864; x_wconf 85' lang='lat' dir='ltr'>filii</span> <span class='ocrx_word' id='word_1_343' title='bbox 1165 3816 1301 3876; x_wconf 77' lang='lat' dir='ltr'>Germani·</span> 
     </span>
     <span class='ocr_line' id='line_1_42' title="bbox 199 3891 1301 3956; baseline 0 -14"><span class='ocrx_word' id='word_1_344' title='bbox 199 3894 304 3942; x_wconf 85' lang='lat' dir='ltr'>tarabus</span> <span class='ocrx_word' id='word_1_345' title='bbox 324 3892 368 3956; x_wconf 85' lang='lat' dir='ltr'>qui</span> <span class='ocrx_word' id='word_1_346' title='bbox 379 3891 462 3940; x_wconf 85' lang='lat' dir='ltr'>refert</span> <span class='ocrx_word' id='word_1_347' title='bbox 477 3892 612 3940; x_wconf 80' lang='lat' dir='ltr'>Metellam</span> <span class='ocrx_word' id='word_1_348' title='bbox 626 3906 730 3940; x_wconf 83' lang='lat' dir='ltr'>uxorem</span> <span class='ocrx_word' id='word_1_349' title='bbox 771 3896 805 3954; x_wconf 86' lang='lat' dir='ltr'>ci,</span> <span class='ocrx_word' id='word_1_350' title='bbox 822 3896 904 3956; x_wconf 86' lang='lat' dir='ltr'>Nero,</span> <span class='ocrx_word' id='word_1_351' title='bbox 922 3896 1031 3953; x_wconf 82' lang='lat' dir='ltr'>Drusus,</span> <span class='ocrx_word' id='word_1_352' title='bbox 1053 3894 1137 3941; x_wconf 84' lang='lat' dir='ltr'>Caius.</span> <span class='ocrx_word' id='word_1_353' title='bbox 1178 3891 1214 3939; x_wconf 85' lang='lat' dir='ltr'>Hi</span> <span class='ocrx_word' id='word_1_354' title='bbox 1232 3891 1301 3951; x_wconf 82' lang='lat' dir='ltr'>enim</span> 
     </span>
    </p>
   </div>
   <div class='ocr_carea' id='block_1_7' title="bbox 200 3966 1392 4033">
    <p class='ocr_par' dir='ltr' id='par_1_7' title="bbox 200 3966 1392 4033">
     <span class='ocr_line' id='line_1_43' title="bbox 200 3966 1392 4033; baseline 0.002 -15"><span class='ocrx_word' id='word_1_355' title='bbox 200 3969 285 4031; x_wconf 73' lang='lat' dir='ltr'>Syllae,</span> <span class='ocrx_word' id='word_1_356' title='bbox 318 3982 376 4016; x_wconf 88' lang='lat' dir='ltr'>eum</span> <span class='ocrx_word' id='word_1_357' title='bbox 400 3967 426 4014; x_wconf 92' lang='lat' dir='ltr'>in</span> <span class='ocrx_word' id='word_1_358' title='bbox 449 3966 563 4016; x_wconf 86' lang='lat' dir='ltr'>morbum</span> <span class='ocrx_word' id='word_1_359' title='bbox 590 3967 732 4031; x_wconf 75' lang='lat' dir='ltr'>incidisset,</span> <span class='ocrx_word' id='word_1_360' title='bbox 771 3972 924 4033; x_wconf 84' lang='lat' dir='ltr'>superstites</span> <span class='ocrx_word' id='word_1_361' title='bbox 936 3971 1003 4033; x_wconf 86' lang='lat' dir='ltr'>patri</span> <span class='ocrx_word' id='word_1_362' title='bbox 1019 3967 1134 4027; x_wconf 83' lang='lat' dir='ltr'>suerunt,</span> <span class='ocrx_word' id='word_1_363' title='bbox 1146 3978 1173 4016; x_wconf 83' lang='lat' dir='ltr'>ut</span> <span class='ocrx_word' id='word_1_364' title='bbox 1190 3973 1301 4020; x_wconf 83' lang='lat' dir='ltr'>testatur</span> <span class='ocrx_word' id='word_1_365' title='bbox 1391 3983 1392 3986; x_wconf 74' lang='grc'>’</span> 
     </span>
    </p>
   </div>
   <div class='ocr_carea' id='block_1_8' title="bbox 200 4040 1302 4336">
    <p class='ocr_par' dir='ltr' id='par_1_8' title="bbox 200 4040 1002 4106">
     <span class='ocr_line' id='line_1_44' title="bbox 200 4040 1002 4106; baseline 0 -14"><span class='ocrx_word' id='word_1_366' title='bbox 200 4044 353 4092; x_wconf 82' lang='lat' dir='ltr'>translatam</span> <span class='ocrx_word' id='word_1_367' title='bbox 364 4040 443 4090; x_wconf 88' lang='lat' dir='ltr'>fnisse</span> <span class='ocrx_word' id='word_1_368' title='bbox 454 4042 555 4091; x_wconf 82' lang='lat' dir='ltr'>in&#39;alias</span> <span class='ocrx_word' id='word_1_369' title='bbox 566 4042 645 4100; x_wconf 77' lang='lat' dir='ltr'>ades,</span> <span class='ocrx_word' id='word_1_370' title='bbox 661 4058 675 4088; x_wconf 86' lang='lat' dir='ltr'>a</span> <span class='ocrx_word' id='word_1_371' title='bbox 687 4056 731 4105; x_wconf 83' lang='lat' dir='ltr'>pe·</span> <span class='ocrx_word' id='word_1_372' title='bbox 770 4047 874 4092; x_wconf 82' lang='lat' dir='ltr'>Straton.</span> <span class='ocrx_word' id='word_1_373' title='bbox 887 4044 968 4106; x_wconf 83' lang='lat' dir='ltr'>Calig.</span> <span class='ocrx_word' id='word_1_374' title='bbox 978 4049 1002 4092; x_wconf 80' lang='lat'>7.</span> 
     </span>
    </p>

    <p class='ocr_par' dir='ltr' id='par_1_9' title="bbox 200 4116 1302 4336">
     <span class='ocr_line' id='line_1_45' title="bbox 201 4116 1301 4183; baseline 0 -15"><span class='ocrx_word' id='word_1_375' title='bbox 201 4119 303 4168; x_wconf 85' lang='lat' dir='ltr'>natibus</span> <span class='ocrx_word' id='word_1_376' title='bbox 320 4119 380 4177; x_wconf 85' lang='lat' dir='ltr'>viri,</span> <span class='ocrx_word' id='word_1_377' title='bbox 392 4120 451 4182; x_wconf 86' lang='lat' dir='ltr'>quia</span> <span class='ocrx_word' id='word_1_378' title='bbox 463 4126 515 4167; x_wconf 90' lang='lat' dir='ltr'>tum</span> <span class='ocrx_word' id='word_1_379' title='bbox 535 4118 578 4166; x_wconf 87' lang='lat' dir='ltr'>ille</span> <span class='ocrx_word' id='word_1_380' title='bbox 598 4116 732 4183; x_wconf 80' lang='lat' dir='ltr'>Pontifex,</span> <span class='ocrx_word' id='word_1_381' title='bbox 800 4119 951 4167; x_wconf 73' lang='lat' dir='ltr'>‘Reccatem</span> <span class='ocrx_word' id='word_1_382' title='bbox 962 4119 1038 4166; x_wconf 81' lang='lat' dir='ltr'>Litiae</span> <span class='ocrx_word' id='word_1_383' title='bbox 1052 4118 1227 4182; x_wconf 65' lang='lat' dir='ltr'>emmeram]</span> <span class='ocrx_word' id='word_1_384' title='bbox 1253 4118 1301 4167; x_wconf 78' lang='lat' dir='ltr'>Re·</span> 
     </span>
     <span class='ocr_line' id='line_1_46' title="bbox 200 4192 1301 4261; baseline -0.005 -16"><span class='ocrx_word' id='word_1_385' title='bbox 200 4212 233 4246; x_wconf 87' lang='lat' dir='ltr'>ne</span> <span class='ocrx_word' id='word_1_386' title='bbox 243 4197 349 4247; x_wconf 87' lang='lat' dir='ltr'>domum</span> <span class='ocrx_word' id='word_1_387' title='bbox 366 4196 422 4260; x_wconf 78' lang='lat' dir='ltr'>ejus</span> <span class='ocrx_word' id='word_1_388' title='bbox 433 4194 587 4260; x_wconf 78' lang='lat' dir='ltr'>funestaret,</span> <span class='ocrx_word' id='word_1_389' title='bbox 601 4195 669 4261; x_wconf 87' lang='lat' dir='ltr'>qaod</span> <span class='ocrx_word' id='word_1_390' title='bbox 686 4210 731 4246; x_wconf 84' lang='lat' dir='ltr'>as·</span> <span class='ocrx_word' id='word_1_391' title='bbox 769 4200 859 4244; x_wconf 77' lang='lat' dir='ltr'>centem</span> <span class='ocrx_word' id='word_1_392' title='bbox 869 4201 955 4255; x_wconf 80' lang='lat' dir='ltr'>vocat,</span> <span class='ocrx_word' id='word_1_393' title='bbox 971 4192 1143 4257; x_wconf 87' lang='lat' dir='ltr'>comparando</span> <span class='ocrx_word' id='word_1_394' title='bbox 1152 4207 1211 4243; x_wconf 85' lang='lat' dir='ltr'>conr</span> <span class='ocrx_word' id='word_1_395' title='bbox 1221 4208 1253 4241; x_wconf 88' lang='lat' dir='ltr'>ea</span> <span class='ocrx_word' id='word_1_396' title='bbox 1263 4207 1301 4241; x_wconf 80' lang='lat' dir='ltr'>aa·</span> 
     </span>
     <span class='ocr_line' id='line_1_47' title="bbox 201 4270 1302 4336; baseline -0.008 -11"><span class='ocrx_word' id='word_1_397' title='bbox 201 4275 318 4325; x_wconf 77' lang='lat' dir='ltr'>isserat.</span> <span class='ocrx_word' id='word_1_398' title='bbox 770 4276 813 4320; x_wconf 79' lang='lat' dir='ltr'>tas</span> <span class='ocrx_word' id='word_1_399' title='bbox 828 4271 945 4332; x_wconf 61' lang='lat' dir='ltr'>Amata</span> <span class='ocrx_word' id='word_1_400' title='bbox 963 4271 1050 4335; x_wconf 79' lang='lat' dir='ltr'>adiuta,</span> <span class='ocrx_word' id='word_1_401' title='bbox 1078 4270 1152 4336; x_wconf 86' lang='lat' dir='ltr'>quasi</span> <span class='ocrx_word' id='word_1_402' title='bbox 1169 4284 1220 4320; x_wconf 88' lang='lat' dir='ltr'>noa</span> <span class='ocrx_word' id='word_1_403' title='bbox 1241 4273 1302 4332; x_wconf 90' lang='lat' dir='ltr'>post</span> 
     </span>
    </p>
   </div>
   <div class='ocr_carea' id='block_1_9' title="bbox 0 0 1542 4917">
    <p class='ocr_par' dir='ltr' id='par_1_10' title="bbox 0 0 1542 4917">
     <span class='ocr_line' id='line_1_48' title="bbox 0 0 1542 4917; baseline 0 0"><span class='ocrx_word' id='word_1_404' title='bbox 0 0 1542 4917; x_wconf 95' lang='lat' dir='ltr'> </span> 
     </span>
    </p>
   </div>
  </div>
 </body>
</html>
