3075 4917
243 372 310 439 656
513 451 516 457 Ι
588 388 620 449 0,
642 383 823 435 CORNELII
846 385 974 434 'rnclrl
1192 392 1237 457 [Α.
1248 395 1281 447 U.
1289 399 1348 447 776.

245 532 330 597 inter
340 547 503 614 prospera
513 526 689 611 ducebat);
706 548 784 593 oum
793 533 926 611 repente
937 529 1216 596 turbare⁰iortuna
1226 533 1349 617 coepit:

168 701 172 710 ,
247 635 366 701 saevbe
391 633 476 716 ipse,
500 636 565 698 autx
580 631 803 702 sarientibus,
819 632 906 695 vires
933 632 1091 712 praebere.
1149 631 1287 698 Initium
1315 641 1349 701 et

244 734 359 804 carrliad
382 736 636 821 peneaAElium
659 734 844 819 sejanum:
866 734 1053 798 cohortibus
1075 738 1239 818 proetoriis
1254 738 1348 803 Praea

243 838 376 917 foetum,
388 838 489 921 eujus
502 838 543 902 de
557 839 707 921 potentia
721 838 1037 920 supramemoravi:
1068 853 1156 902 nuno
1177 840 1345 921 originem,

243 960 364 1018 mores,
380 945 413 1004 et
427 956 496 1024 quo
520 936 679 1008 facinoros
701 941 959 1006 dominationem
981 943 1113 1023 raptum
1137 940 1261 1018 ierit,¹⁸
1287 961 1346 1008 ex·

243 1041 388 1126 pediam.
430 1041 572 1108 Genitos
587 1040 780 1121 Vulsiniis,h
801 1048 895 1127 patro
917 1041 998 1106 Seio
1013 1038 1195 1120 Strabone,i
1225 1042 1350 1138 Equite'

243 1282 295 1320 oum
302 1268 381 1320 subito
388 1275 484 1336 ,mutare
493 1270 595 1330 fortun
613 1270 683 1334 eoepit
694 1285 703 1318 .·
724 1270 775 1334 ipse
785 1272 887 1322 mustis
902 1286 960 1330 esse,
977 1277 1019 1321 aut
1030 1271 1161 1322 afflatibus
1175 1277 1199 1321 et
1209 1272 1347 1332 furentibus

243 1333 421 1385 subministrare
428 1335 568 1400 potentium.
601 1336 752 1399 Principium
763 1341 787 1385 et
805 1339 872 1399 origo
883 1337 913 1385 ab
930 1338 995 1386 AElio
1015 1337 1108 1400 Sqiuuo,
1143 1352 1195 1386 uem
1205 1339 1351 1401 proetortnno‘

243 1398 316 1448 militi
323 1400 484 1463 imposueram
498 1402 528 1448 de
544 1399 608 1459 cnjus
618 1400 760 1450 auctoritate
771 1406 841 1449 antea
849 1401 934 1449 retuli:
955 1416 1016 1450 nunc
1026 1353 1155 1449 membroio
1166 1401 1230 1450 iliius
1240 1402 1347 1465 stirpem,

244 1463 374 1526 ugeram,
392 1470 417 1514 et
437 1480 482 1528 quo
498 1466 584 1513 scelere
602 1468 739 1526 nmrputum
756 1465 814 1514 ierit
831 1465 965 1528 imperium.
999 1466 1079 1515 Natus
1104 1465 1227 1525 Vulsiniis,
1248 1472 1347 1528 parente

243 1526 300 1577 Seio
311 1528 426 1579 Strabone
434 1529 512 1593 equite
522 1528 592 1577 Rom.
603 1533 627 1578 et
638 1528 708 1578 initio
717 1528 850 1589 juventutis
858 1530 985 1579 connitatur
995 1537 1052 1580 erat
1070 1532 1099 1581 C.
1113 1531 1229 1579 earnem
1239 1537 1347 1594 nepotem

268 1774 290 1822 ⁴l
307 1770 339 1822 In
352 1753 489 1822 MssFlor.
508 1774 601 1854 ruptum
618 1771 690 1834 perit.
723 1769 832 1834 Optime
848 1771 966 1823 Pichena
982 1773 1150 1837 raptumierit.
1181 1773 1255 1824 Male
1268 1773 1350 1829 Bero-

727 1905 837 1966 NOTAE

273 2031 348 2083 Bene
378 2031 497 2082 ordinata
516 2026 545 2082 et
567 2033 694 2098 composito
718 2038 774 2083 tum
813 2049 871 2087 rvs.
884 2042 1013 2086 nrcvsrn.
1025 2037 1238 2098 arminsparte
1250 2033 1344 2097 altera,

240 2110 349 2175 respub,
368 2118 433 2175 erat,
449 2117 599 2176 comparate
619 2114 693 2164 adea
710 2121 775 2165 tenr-
814 2126 909 2161 corona
928 2127 943 2162 e
965 2126 1078 2177 quercu:
1095 2126 1132 2162 rr.
1147 2112 1217 2161 mo
1235 2122 1346 2159 surano.

242 2200 307 2249 pora
327 2202 383 2252 quar
408 2187 543 2238 interit-nm
574 2190 723 2239 Germanici
745 2196 774 2240 et
813 2188 874 2238 Nou
883 2189 938 2237 virli
946 2202 1004 2252 ego.
1036 2187 1142 2252 Lipsius.

242 2263 321 2312 Drusi
329 2269 421 2313 secuta
431 2270 508 2326 sunt;
525 2279 584 2313 nam
601 2271 662 2328 post
678 2281 773 2315 nonum
846 2266 924 2315 Forte
944 2266 982 2315 sio
1004 2265 1144 2328 inscriptus
1163 2278 1290 2327 nummus,
1309 2262 1344 2327 (si

242 2354 336 2390 anuum
355 2340 461 2403 Tiberii,
478 2339 585 2390 fortuna
602 2342 703 2405 saevire,
716 2342 772 2405 ipse
813 2340 851 2390 ita
868 2340 915 2405 sit)
926 2357 983 2390 curn
1003 2342 1090 2390 socium
1108 2338 1345 2401 luborumSejanurn

240 2416 358 2467 Tiberius
376 2416 536 2480 Sejanusqne
554 2417 667 2479 grassari
678 2417 773 2466 atroci-
812 2417 958 2479 appellavit
967 2416 1095 2477 liberius,
1103 2417 1143 2464 vel
1153 2415 1213 2480 qnia
1224 2429 1252 2464 se
1264 2414 1345 2463 veluti

241 2497 297 2543 tate
315 2487 470 2568 delatorum,
480 2506 591 2569 venenq,
609 2493 732 2556 sangrino
744 2500 773 2542 et
813 2506 914 2540 servum
925 2492 1098 2555 libertumque
1108 2491 1209 2540 Tiberii
1218 2504 1265 2553 per
1277 2504 1346 2539 amo·

240 2569 314 2620 carde
324 2571 419 2620 rivium
431 2577 575 2634 coeperunt.
812 2583 866 2616 rem
886 2574 914 2616 et
931 2567 1081 2632 obsequium
1098 2565 1265 2630 profiteretur
1274 2566 1347 2629 Seja-

273 2652 284 2678 ⁰
297 2645 411 2709 turbare]
427 2644 667 2697 Cnm‘reslrumanae
679 2646 770 2696 eodem
810 2649 867 2707 nus,
878 2641 921 2708 qui
937 2647 1008 2692 amor
1018 2642 1127 2691 maxime
1143 2637 1271 2701 melantii,
1284 2655 1343 2690 oum

239 2720 268 2771 in
278 2725 349 2771 statu
360 2735 465 2770 manere
477 2736 527 2770 uon
547 2730 652 2787 queant,
676 2723 720 2772 ubi
737 2721 770 2771 ad
809 2721 938 2770 Tiberium
950 2719 1063 2769 servavit
1072 2723 1218 2768 coenantern
1228 2717 1254 2766 in
1264 2732 1344 2781 specu

240 2810 366 2846 summum
378 2811 482 2860 venere,
499 2797 525 2845 in
542 2798 655 2847 deterius
671 2805 771 2848 mnten·
812 2794 905 2846 etfere
925 2810 1084 2859 oppressum,
1104 2793 1171 2858 quod
1183 2792 1252 2843 forte
1267 2793 1346 2843 deno·

240 2877 283 2921 tur
293 2887 398 2922 necesse
414 2879 463 2923 est.
481 2874 660 2937 Hippocrates
671 2875 717 2938 ait,
727 2874 772 2933 τὴν
813 2878 853 2922 tat
863 2886 959 2922 corona
968 2886 983 2920 e
993 2885 1099 2935 quercu,
1109 2884 1203 2932 nempe
1215 2869 1248 2918 ob
1259 2869 1343 2919 civem

240 2946 338 3011 εὐεξίαν,
349 2946 406 2997 ὅταν
417 2948 441 2997 ἐς
457 2946 528 3012 ἄκρον
542 2947 592 3014 inp,
603 2948 773 3008 acervabat·
812 2955 841 3000 et
862 2947 954 3014 civium
983 2947 1125 3014 principem
1153 2951 1343 2994 conservatum.

239 3023 357 3083 τηνεῖναι.
381 3026 425 3075 lta
436 3032 476 3075 est
488 3031 516 3074 et
527 3026 554 3075 iu
568 3025 673 3076 fortuna
682 3025 774 3077 famili·
813 3023 913 3073 Liberti
923 3029 1109 3073 autemuomen
1121 3021 1286 3071 assumebant
1298 3021 1344 3071 do·

239 3115 323 3164 arum,
339 3102 450 3164 urbium,
470 3107 499 3151 et
515 3103 693 3167 imperiorum:
717 3109 773 3152 tum
812 3102 877 3150 mini
894 3100 1043 3149 liberatoris
1066 3098 1203 3148 ueletiam
1223 3099 1343 3148 domium.

240 3192 298 3229 cum
332 3177 452 3246 splendet
478 3178 598 3240 maxime,
629 3178 772 3242 frangitur:
813 3179 866 3228 Hic
877 3184 963 3226 autem
974 3176 1084 3226 libertus
1096 3176 1170 3225 simul
1181 3181 1209 3225 et
1219 3176 1343 3225 liberator

240 3268 321 3321 quare
332 3261 361 3303 et
369 3268 426 3303 eam
437 3256 537 3303 vitreum
548 3252 656 3303 finxere.
813 3251 890 3304 foret.

272 3319 397 3378 bruttium
409 3335 432 3379 et
444 3330 526 3392 corno]
549 3330 773 3379 Nonsuntomni-
813 3377 817 3387 ,
844 3327 856 3360 f
865 3331 918 3385 Quo
927 3330 1051 3392 vfacinore]
1075 3330 1149 3380 Nece
1164 3327 1256 3391 Drusi,
1265 3340 1342 3392 quem

239 3421 273 3456 no
281 3404 360 3467 idem,
371 3413 399 3455 et
408 3405 674 3470 distinguendasunt3
685 3420 773 3469 qnam·
812 3419 912 3455 veneno
921 3406 1033 3455 sustulit.

237 3483 315 3533 visin
331 3483 523 3552 Posterioribns
540 3480 660 3533 videatur
672 3482 772 3533 Aristo·
845 3480 1052 3543 anaprumtera]
1073 3481 1117 3530 Sic
1137 3480 1183 3529 lib.
1203 3494 1235 3530 rr.
1253 3480 1342 3531 histor»

238 3563 305 3611 teles
317 3555 455 3624 utrumqne
467 3553 624 3624 contudisse.
810 3557 818 3585 ‘
831 3557 896 3604 Mox
908 3562 937 3604 ut
949 3556 1078 3605 Othonem
1093 3570 1123 3605 ac
1139 3554 1273 3605 Vitellium
1285 3569 1342 3604 sce·
1408 3569 1412 3570 ⁷

271 3629 383 3687 eAEltum
394 3636 516 3698 Seianum]
533 3636 560 3685 Is
570 3642 671 3699 patrem
680 3634 771 3685 babuit
810 3632 884 3681 lestis
893 3632 970 3680 armis
980 3645 1021 3679 res
1038 3632 1166 3679 Romanas
1182 3636 1285 3693 raptum
1292 3631 1340 3691 ire,

238 3715 319 3765 Seium
327 3714 483 3763 Strabonem.-
508 3712 554 3760 sed
566 3711 593 3759 in
604 3710 770 3773 adoptionem
810 3709 943 3771 uulgatum
954 3707 1013 3756 est!
1037 3708 1084 3757 Sic
1094 3707 1138 3757 lib.
1151 3720 1197 3755 xv.
1208 3711 1231 3754 1.
1244 3705 1277 3754 de
1288 3705 1341 3754 Vo-

238 3791 314 3841 datus
325 3790 403 3838 alicui
421 3801 454 3837 ex
468 3787 549 3849 AEliis,
567 3786 651 3836 dictus
670 3793 770 3835 mutato
810 3786 907 3847 logese,
925 3785 1062 3846 ‘spretum
1076 3783 1258 3833 Arsacidarum
1270 3780 1342 3831 fasti-

237 3859 395 3930 inflexoque,
414 3871 445 3914 ut
463 3865 539 3927 solet,
556 3864 641 3927 patris
656 3863 769 3924 nomine,
811 3861 879 3923 giunr
890 3861 928 3908 ire
944 3860 1026 3907 ultum
1043 3858 1151 3909 volens?
1167 3873 1205 3907 ιν.
1217 3863 1259 3907 73.
1275 3859 1342 3906 ‘ne-

237 3943 268 3991 L.
280 3942 358 3990 AEtior
367 3941 475 4002 Sejanus.
500 3931 610 3988 luerim
621 3954 770 4003 praenonren
810 3953 861 4002 que
874 3937 926 3985 dux
942 3938 1070 3985 Romanus
1087 3938 1169 3984 ultuur
1186 3933 1234 3983 iin’
1250 3949 1289 3983 v1.
1299 3938 1341 3996 36.

236 4018 274 4068 illi
289 4018 340 4067 Dio
351 4018 397 4067 dat
407 4019 454 4089 lib.
467 4032 534 4067 uvn.
562 4015 601 4066 At
620 4017 648 4064 in
666 4031 770 4065 nummo
810 4007 976 4063 ‘Artabanus
995 4019 1052 4063 tota
1072 4013 1139 4061 mole
1162 4010 1235 4073 regni
1256 4010 1340 4059 ultum

238 4108 306 4143 aereo
317 4093 370 4156 legi
381 4092 492 4143 affirmat
507 4094 568 4142 mihi
584 4093 689 4158 quidum
702 4094 770 4142 Tibe·
810 4091 858 4140 iit'
1201 4122 1203 4126 ψ

236 4172 301 4220 rium
313 4171 439 4231 Seianum:
464 4170 535 4233 cnjus
546 4172 603 4219 haec
613 4169 768 4232 inscriptio:
843 4167 969 4217 aceritus
983 4167 1107 4229 tubulis]
1124 4165 1193 4218 Quia
1204 4179 1266 4229 ergo
1276 4164 1340 4213 Vul-

237 4259 275 4298 rr.
293 4251 395 4297 cusan.
412 4257 483 4296 nrvr.
494 4258 620 4296 svavsrr.
637 4257 769 4296 navans·
809 4245 929 4302 simensis
946 4244 1064 4310 Sejanus,
1075 4243 1134 4293 ideo
1150 4248 1227 4292 acute
1243 4249 1272 4291 et
1288 4254 1340 4291 aon
