3075 4917
187 368 321 434 acea]
541 361 745 412 eutramnus
770 362 843 411 ura.
867 362 917 410 vr.
1223 348 1290 414 941

187 506 305 589 patriis
319 506 468 569 moribus
481 501 603 588 impar,
616 506 734 570 morbo
748 506 921 571 absumtus
936 511 996 571 est.
1028 504 1095 570 Sed
1109 524 1176 570 non
1188 506 1289 572 Tiba-

187 608 257 672 rius
272 607 384 672 omisit
396 607 540 690 incepta.
576 607 757 685 Tiridaten,
773 608 945 690 sanguinis
958 607 1119 693 ejusdem,
1134 608 1289 673 ramulum

187 706 371 785 Artabano,
395 708 686 793 reciperandaeque
710 706 878 773 Armeniae
905 705 1046 772 lberum¹
1076 707 1288 773 Mithridaten

186 807 310 890 deligit,
326 808 545 906 conciliatque
555 809 647 873 fratri
659 808 885 886 Pharasmani,
896 810 955 891 qui
968 809 1286 891 gentileimperium¹n

186 909 367 974 obtinebat:
393 914 425 972 et
449 909 587 987 cunctis,
603 930 679 992 quae
704 909 794 992 apud
818 909 984 975 Orientem
1009 912 1221 993 parabantur,
1245 908 1286 975 L.

185 1009 360 1074 Vitellium
375 1009 525 1091 praefecit
532 1018 555 1068 :¹¹
576 1029 615 1072 eo
626 1010 668 1073 de
679 1010 820 1088 homine,
834 1011 924 1074 haud
939 1031 1014 1074 snm
1029 1012 1175 1092 ignamS,
1187 1012 1287 1074 sinis·

184 1116 267 1174 tram
291 1109 325 1172 in
346 1110 428 1173 urbe
447 1109 581 1187 famam,
606 1111 764 1194 pleraque
790 1111 883 1176 foeda
905 1114 1097 1176 memorari:
1131 1117 1284 1189 ceterum,

184 1210 334 1293 regendis
349 1210 529 1292 provinciis
543 1212 657 1294 prisca
669 1212 791 1276 virtute
808 1212 882 1294 egit.
927 1211 1026 1276 Unde
1050 1231 1228 1294 regressus,
1251 1217 1286 1276 et

183 1310 357 1377 formidine
373 1310 411 1375 G.
429 1311 585 1390 Gaesaris,
598 1312 819 1377 familiaritate
839 1311 985 1391 Claudii,
1007 1310 1103 1405 turpe
1126 1313 1160 1375 in
1182 1312 1284 1377 servi·

183 1491 278 1539 tiorum
289 1489 396 1552 resumit,
409 1490 500 1553 patriis
514 1487 631 1538 institutis
645 1489 707 1538 baud
716 1487 841 1554 sufficiens,
858 1491 955 1539 adverae
970 1491 1104 1541 eahtudirre
1113 1492 1231 1541 extinctus
1242 1497 1286 1544 ert.

182 1554 231 1604 Sed
244 1554 351 1604 atomus
368 1554 542 1602 dmiautuaorr
558 1554 674 1602 deerrarit:
690 1554 791 1602 assumit
811 1554 940 1603 tiridaten
957 1556 1285 1620 armaquearmaque
1384 1581 1387 1587 <

182 1618 310 1681 Artuberti,
324 1623 348 1667 et
360 1617 454 1666 iteum
466 1618 634 1666 Mithridaten
648 1618 680 1666 ud
689 1617 848 1681 recipiendum
857 1618 1004 1682 Armenium,
1016 1625 1039 1668 et
1056 1622 1082 1669 ia
1092 1620 1285 1670 eorumdissere-

182 1683 248 1731 dueit
257 1682 396 1742 cumfratre
407 1682 578 1744 Pharasmane,
595 1681 635 1743 qui
643 1682 739 1745 paterni
755 1683 825 1743 regui
838 1683 981 1745 potiebatur,
992 1684 1110 1747 (lberam
1123 1699 1215 1748 nempe
1224 1684 1245 1746 ς)
1260 1689 1285 1733 et

182 1747 380 1809 martisquoeud
398 1746 520 1794 Odentem
529 1746 690 1806 struebantur,
702 1747 734 1794 L.
749 1745 871 1795 Vitellium
881 1746 1002 1810 imposuit.
1035 1747 1092 1797 Noa
1102 1746 1284 1807 mesoltitdeeo
1356 1761 1360 1766 “

182 1811 234 1859 aire
244 1812 330 1859 molum
346 1813 372 1859 iu
389 1809 488 1858 riedete
502 1825 617 1858 rumorem
630 1809 782 1872 introtulere,
797 1812 915 1872 mutaque
931 1810 1053 1860 inhenesta
1069 1813 1161 1873 uulgari
1169 1828 1179 1870 ,·
1203 1813 1243 1860 sed
1258 1811 1285 1861 ia

181 1875 378 1923 administrandis
382 1873 513 1936 mariis
523 1874 622 1937 untiqffl
631 1874 757 1936 disciplina
767 1874 827 1935 egit.
858 1874 926 1923 Unde
935 1889 1040 1923 reuersus
1050 1881 1073 1924 et
1082 1879 1147 1925 metu
1158 1875 1284 1938 Caliguloe,

182 1942 208 1987 et
217 1938 326 1989 umiediu
338 1937 446 2001 Claudii,
459 1936 551 1997 fedum
569 1937 596 1987 ia
611 1938 748 1988 renarrem
764 1938 877 2002 abreptus
895 1954 924 1987 ur
939 1941 1047 2005 degener,
1057 1942 1207 2004 mavimenus
1217 1940 1286 1989 doru·

675 2084 786 2135 NOTAE

180 2191 252 2257 bani,
270 2193 352 2257 magis
369 2195 502 2247 Boeotius:
527 2197 553 2246 in
573 2196 714 2262 Thessalia,
753 2196 894 2247 ordinarios
921 2198 1069 2248 consulatus
1096 2209 1281 2262 censuramque

179 2266 254 2332 equis
271 2269 368 2318 alendis
393 2277 422 2321 et
432 2269 515 2321 fraeno
526 2272 638 2335 regendo
654 2271 713 2321 Ale·
752 2271 842 2335 gessit.
876 2271 1282 2336 Curamquequeimperiisusti-

177 2344 253 2392 vadis
265 2344 379 2408 equestri
388 2346 432 2396 illa
442 2347 580 2410 disciplina
590 2347 713 2411 peritior;
751 2347 817 2410 nuit,
826 2347 934 2396 absente
953 2360 993 2410 eo,
1003 2346 1168 2411 expeditione
1179 2348 1283 2398 Britan·

177 2419 281 2484 Spartae
299 2435 358 2470 cnm
376 2421 409 2470 ad
427 2422 580 2486 pedentim
591 2428 619 2472 et
635 2423 713 2473 animi
751 2423 827 2472 nica:
844 2422 885 2473 vir
903 2424 1025 2473 innocens
1036 2430 1064 2472 et
1075 2423 1225 2483 industrius,
1235 2423 1281 2473 sed

178 2494 265 2545 securi
276 2496 492 2561 tranquillitatem
501 2512 530 2547 se
538 2505 713 2563 componeret,
752 2513 840 2548 amore
861 2498 1002 2548 Libertina
1028 2497 1186 2561 perinfamis,
1207 2499 1280 2561 cujus

178 2570 389 2620 Lueedaemonios
416 2572 530 2633 vicisse3
557 2573 622 2622 meri
648 2580 712 2637 potu
751 2575 832 2623 etiarn
854 2574 941 2622 sativis
962 2574 1040 2623 melle
1062 2574 1210 2637 commistis,
1232 2578 1280 2625 dec

177 2637 316 2709 superesse
333 2647 445 2697 'thraces
455 2646 473 2696 :'
498 2654 526 2697 et
547 2647 625 2710 infra,
639 2650 647 2677 ‘
659 2650 711 2697 Ex·
751 2651 818 2698 elam
839 2649 942 2714 quidem
960 2655 1005 2698 aut
1016 2662 1083 2710 raro,
1103 2650 1149 2699 sed
1164 2650 1281 2714 quotidie

178 2721 266 2784 empto
284 2722 423 2771 Pausania
435 2722 572 2773 Medorum
591 2736 618 2771 se
635 2724 711 2773 mori·
751 2737 781 2774 ac
789 2725 1000 2789 palam‚arterias
1008 2731 1036 2774 et
1045 2725 1133 2775 fauces
1144 2740 1191 2788 pru
1202 2728 1282 2777 reme·

178 2795 229 2847 bus
238 2796 388 2848 Alcibiades
397 2799 611 2861 accommodavit,
619 2805 712 2849 etten-
751 2800 921 2850 diosovebat.
954 2801 1027 2851 Idem
1044 2803 1101 2851 miri
1114 2803 1141 2851 in
1153 2802 1281 2852 adulando

178 2872 264 2938 tisper
284 2874 346 2923 dum
368 2875 437 2939 apud
459 2876 652 2926 Pharnabasum
671 2883 712 2925 est
750 2878 855 2941 ingenii,
864 2877 961 2941 primus
982 2880 1012 2928 C.
1025 2880 1155 2929 Caesarem
1169 2878 1280 2941 adorari,

178 2955 362 3013 commoratus,
378 2951 491 3014 linguam
503 2952 636 3001 Persicam
648 2951 712 3001 didi·
749 2959 780 3002 ut
790 2955 877 3002 Deum
894 2954 1022 3003 instituit:
1041 2969 1098 3002 cnm
1118 2968 1235 3004 reversus
1246 2968 1281 3003 ea

177 3026 227 3088 eit,
238 3031 269 3076 ut
280 3034 309 3077 et
317 3026 520 3077 Themistocles!
638 3017 640 3024 '
749 3028 824 3092 Syria
840 3042 889 3097 non
910 3028 988 3076 aliter
1009 3027 1081 3076 adire
1105 3041 1181 3077 ausus
1201 3035 1279 3092 esset,

212 3101 220 3134 ¹
248 3102 356 3166 [buum]
383 3103 472 3153 lberia
491 3104 564 3168 regio
585 3103 653 3153 Asia
676 3103 709 3153 ad
749 3118 827 3167 quam
844 3102 929 3165 capite
948 3103 1045 3162 velato,
1066 3102 1280 3153 circumuertens-

176 3184 292 3228 montem
302 3179 453 3241 Caucasum,
469 3185 497 3229 et
512 3179 653 3243 adcyrunr
662 3178 710 3230 flu·
748 3193 798 3242 que
820 3192 857 3242 se,
877 3176 971 3226 deinde
989 3177 1169 3241 procumbens.
1203 3179 1279 3229 Clau·

176 3253 248 3304 rium
258 3268 339 3317 prope
351 3253 500 3303 Amanium
509 3255 646 3318 majorem:
664 3256 709 3304 ho·
748 3254 820 3303 dium
837 3254 959 3303 uxoribus
976 3253 1125 3317 libertisque
1138 3253 1278 3318 addietum,

177 3329 222 3379 die
234 3344 316 3393 regna
328 3330 429 3378 carduel
439 3336 467 3378 et
477 3330 578 3378 Zurlrm
589 3330 614 3377 in
626 3329 708 3378 Geor·
748 3342 780 3377 ne
802 3344 853 3392 qua
874 3342 926 3378 non
945 3333 1002 3378 arte
1024 3328 1209 3391 demereretur,
1229 3344 1278 3393 pro
1338 3339 1340 3344 ’

175 3408 220 3472 gia
229 3409 345 3472 regione:
358 3422 391 3456 ex
403 3408 504 3457 charus
515 3406 637 3456 Gulielmi
645 3408 707 3456 San·
746 3406 857 3454 maximo
869 3420 973 3455 munere
992 3420 1008 3453 a
1027 3405 1176 3454 Messallius
1190 3406 1278 3470 petiit,

177 3484 257 3534 sonia.
291 3484 451 3532 iillerroniue.
747 3486 777 3529 ut
786 3481 834 3529 sibi
846 3480 926 3544 pedes
934 3480 1066 3544 praeberet
1077 3481 1277 3531 excalceandos:

210 3568 230 3593 ¹¹
253 3547 351 3608 Gertiie
368 3558 503 3622 imperium]
528 3559 580 3611 Qui
602 3557 708 3608 haberet
747 3556 1085 3621 detractumqnesocculum
1101 3557 1278 3620 dextrum,ln-

175 3650 287 3700 regnum
297 3649 349 3683 suae
358 3635 452 3698 gentis,
460 3634 595 3683 Iberornm
605 3647 707 3697 nempe,
748 3638 789 3680 ter
809 3639 896 3696 togam
916 3633 1066 3696 tunicasque
1086 3633 1199 3695 gestavit
1215 3634 1277 3682 assi·

173 3712 220 3762 vel
241 3725 295 3761 snae
317 3709 431 3771 familiae,
452 3716 480 3758 et
503 3710 600 3759 avitum
627 3709 707 3772 impe·
747 3706 808 3771 due,
816 3709 996 3772 nonuunquam
1004 3708 1199 3758 osculabundus.
1212 3710 1278 3758 Nar·

174 3787 251 3838 rium.
284 3787 512 3851 Forteutrurnque
527 3783 707 3847 intelligitTn·
746 3783 806 3831 eissi
828 3798 928 3848 quoque
951 3790 980 3832 et
1001 3783 1127 3831 Pallantis
1152 3783 1276 3845 imagines

174 3863 253 3914 citur.
747 3871 839 3908 aureas
855 3859 925 3907 inter
937 3859 1017 3907 Lares
1028 3858 1117 3907 coluit.
1150 3856 1236 3919 Hujus
1248 3866 1276 3908 et

207 3946 221 3972 ¹²
237 3939 267 3990 L.
282 3938 403 3988 Vitellium
411 3936 530 4000 presserit]
541 3936 606 3984 Eum
615 3935 707 4001 ipsum,
746 3935 792 3984 illa
802 3950 853 3984 vox
864 3941 914 3997 est,
926 3937 1004 3985 Smer
1015 3947 1119 3998 ruerus,
1132 3947 1190 3983 eum
1202 3949 1275 3984 seen·

174 4014 221 4081 qui
233 4015 349 4079 proxime
361 4014 449 4063 consul
462 4010 555 4060 tuerat.
746 4011 812 4061 lares
823 4012 897 4062 ludos
908 4011 998 4061 edenti
1013 4011 1122 4079 Claudio
1133 4011 1275 4075 gratulare·

207 4090 239 4141 L.
272 4089 402 4152 Vitellium]
429 4082 535 4137 Sueten.
562 4086 652 4136 Vitell.
679 4085 705 4136 ’2.
745 4087 807 4137 tur!

174 4167 184 4195 ‘
195 4165 263 4217 Cum
273 4165 380 4215 Claudio
390 4163 520 4229 principe,
530 4161 593 4214 duos
602 4162 708 4227 iusuper
