3075 4917
236 429 302 496 fflt
579 444 625 497 lc.
647 447 828 497 conusuu
851 447 977 496 rsorrr
1181 449 1340 518 [surm

238 607 312 654 rum
327 607 376 654 ex
401 589 539 672 geminis
562 587 665 654 Drusi
689 591 805 655 liberis
828 590 1066 674 extinguendo:
1098 590 1340 674 neque'minu's
1369 644 1372 646 .

237 689 343 755 mutto
358 691 467 755 amici.
499 690 537 754 Is
551 690 615 754 ibit
628 689 781 756 Lucilius
797 692 959 774 Longus,¹
975 692 1120 756 omnium
1135 691 1184 755 illi
1198 691 1340 755 tustinm

237 790 453 873 laetorumque
468 792 591 868 socius,
605 801 755 874 unusque
777 812 797 855 e
812 792 1028 857 Senatoribus
1049 791 1174 856 Rhodii
1188 810 1341 856 secessus

238 910 362 961 comes
408 889 473 969 Ita,
499 909 689 974 quanquam
715 911 802 956 novo
823 892 979 969 bomini,w
1008 894 1190 956 censorium
1207 892 1342 969 ·iimus,¹

239 1052 317 1105 Drusi
320 1054 396 1120 siliis,
405 1069 447 1103 see
457 1053 533 1102 otinas
542 1052 643 1102 intumis
652 1051 723 1101 saniei
737 1050 848 1102 afflictus
860 1060 907 1103 est.
942 1054 969 1102 Is
980 1053 1034 1113 fuit
1050 1055 1156 1103 Lucilius
1165 1054 1262 1115 longas
1276 1069 1344 1103 eane·

147 1169 153 1176 ,
238 1119 318 1170 tarum
329 1117 367 1168 illi
376 1119 530 1168 mundarum
539 1119 732 1179 &somnosque
751 1132 831 1166 omn
840 1120 967 1181 particeps,
983 1120 1089 1181 suusque
1105 1134 1118 1166 e
1134 1120 1259 1167 roulariis
1268 1120 1344 1167 sonas

239 1181 342 1233 tituta
351 1182 501 1233 solitudinis:
517 1180 561 1244 sia,
572 1182 628 1231 lieet
641 1181 730 1230 bonini
741 1196 807 1230 noua
823 1182 952 1242 emetis,
962 1185 1078 1232 murias
1087 1182 1206 1246 exequias,
1214 1182 1343 1245 imaginem

701 1303 879 1325 contenent

272 1377 286 1422 1
305 1373 348 1423 Ito
359 1373 409 1423 Ms.
421 1345 490 1423 Flor.
506 1377 535 1421 et
545 1349 614 1432 mox,
626 1370 733 1420 Lucilius
744 1371 840 1435 Cupito,
854 1377 884 1421 nt
898 1371 976 1422 docet
987 1373 1046 1425 Jsc.
1057 1374 1212 1424 Gronovius.
1244 1375 1344 1439 Perpe-

239 1446 294 1487 rnrn
306 1437 450 1489 Beroaldus
462 1442 491 1486 et
502 1442 613 1510 veteres,
624 1434 738 1485 hedum
745 1434 994 1497 taam...1aatttua
1005 1439 1098 1502 Capito.
1132 1440 1245 1489 Brotier.

735 1625 842 1678 Nouus

240 1747 273 1785 va
289 1741 335 1786 aut
350 1735 465 1799 minima,
474 1740 577 1787 constm
593 1737 663 1787 enim
675 1734 770 1788 Rorna-
810 1740 914 1805 probra,
927 1741 1049 1791 obscoena
1063 1739 1154 1802 verbs,
1170 1744 1198 1789 et
1219 1736 1281 1788 talia
1299 1738 1344 1788 ret

240 1826 296 1873 uos,
307 1812 329 1861 si
345 1826 397 1875 qua
412 1813 462 1863 alia
478 1828 515 1877 re,
531 1812 648 1863 bisludis
659 1828 716 1864 esse
726 1814 773 1864 de·
809 1816 889 1881 facts,
906 1825 952 1869 ant
968 1818 1085 1868 exhibita
1098 1819 1126 1867 iu
1145 1818 1177 1868 iis
1192 1817 1268 1881 ludis,
1283 1831 1342 1882 quae

239 1888 365 1938 testatas:
394 1902 483 1938 verum
511 1889 550 1939 its
576 1896 692 1952 vocetur,
711 1890 772 1954 quia
811 1894 936 1957 pudorem
957 1895 1087 1958 publicum
1102 1893 1184 1944 veluti
1204 1894 1344 1958 prostitue-

240 1962 363 2026 gravitati
374 1963 497 2027 principis
513 1966 603 2028 populi
614 1979 666 2014 uon
678 1980 771 2014 conve·
810 1976 878 2019 rent.
912 1969 981 2024 Puto
992 1978 1019 2021 et
1030 1970 1201 2034 intelligenda
1211 1968 1289 2020 etiam
1293 1966 1344 2032 sto·

240 2038 361 2103 niret,ex
373 2045 464 2089 retum
481 2041 534 2090 levi
543 2048 571 2091 et
581 2041 682 2091 ludicro
693 2058 772 2107 quan·
809 2044 885 2107 gitis,
903 2061 961 2110 quae
978 2060 1026 2111 per
1040 2047 1129 2096 domos
1146 2044 1279 2094 faciebant
1292 2058 1345 2094 uon

240 2124 396 2183 tamcunque
425 2120 626 2170 delectationem
658 2135 771 2185 capere:
811 2121 914 2170 mimice
933 2122 1003 2170 mimi
1022 2123 1069 2186 illi,
1088 2128 1188 2184 stupra,
1207 2120 1345 2183 adulteris,

164 2235 167 2243 .
239 2195 297 2257 puri
323 2194 410 2256 modo,
431 2211 483 2259 quo
505 2195 665 2261 praecedeuti
685 2198 773 2260 capite
812 2196 1099 2260 ceterasqueejnsmodi
1108 2196 1228 2245 libidines
1236 2196 1264 2244 in
1274 2203 1347 2244 utro-

239 2269 661 2337 sordidoemereessuntappellstae3
678 2287 773 2337 nempe
813 2284 864 2332 que
887 2286 959 2321 sexu.
993 2272 1063 2325 Quid
1084 2286 1136 2321 non
1162 2272 1248 2335 potuit
1269 2271 1345 2321 Paris

240 2344 397 2407 sirespicias
409 2360 553 2408 personam.
811 2346 941 2397 bistrioet
952 2348 1067 2397 similes?
1084 2347 1145 2412 quid
1162 2361 1214 2396 non
1232 2361 1307 2396 ausus
1318 2346 1344 2395 in

273 2421 325 2471 Sed
336 2422 451 2485 Populus
463 2424 506 2473 ille
517 2425 646 2474 Mmauus
657 2425 773 2489 quamvis
811 2421 977 2472 Messalinam
985 2424 1120 2474 Mnester?
1137 2423 1200 2488 qnid
1208 2436 1260 2471 nou
1268 2435 1344 2471 susus

239 2496 325 2547 rietur
334 2498 450 2561 gentium
455 2506 484 2549 et
493 2514 578 2549 rerum
587 2499 713 2560 domiuus,
721 2514 773 2549 nou
811 2496 838 2548 iu
851 2498 992 2547 Domitiam
1004 2498 1144 2561 discipulus
1157 2496 1279 2546 Paridis?

239 2573 322 2623 miuus
335 2578 423 2624 tamen
433 2575 498 2624 levis
509 2575 569 2639 fuit,
580 2576 602 2626 si
613 2576 773 2640 plebeculam
844 2579 862 2603 '¹
878 2574 945 2622 Nouo
955 2574 1055 2639 lorum]
1075 2574 1150 2623 Licet
1168 2587 1249 2622 nouus
1268 2573 1344 2621 bomo

240 2651 333 2699 saltem
350 2650 481 2713 respicias.
514 2651 734 2703 Immoinluxuru
744 2658 774 2702 et
813 2649 940 2713 nullisque
955 2650 1084 2714 majorum
1102 2646 1253 2712 imaginibus
1269 2646 1347 2696 deco·

240 2722 305 2772 talia
320 2723 513 2775 obiectamenta
531 2727 634 2789 pronior
650 2732 678 2777 et
692 2726 774 2789 magis
814 2733 885 2775 raturs
896 2732 973 2789 esset,
984 2733 1070 2776 tamen
1088 2723 1241 2775 Censorium
1260 2721 1347 2788 innuas,

130 2820 141 2838 ο
242 2798 369 2848 oblectari
387 2801 477 2863 voluit,
495 2803 554 2865 quis
573 2802 653 2852 ditior
669 2809 698 2853 et
718 2804 774 2867 pirr-
814 2802 974 2852 &cbabuit
1008 2802 1110 2851 Novitas
1120 2801 1174 2864 illa,
1186 2800 1290 2849 claritas
1301 2813 1348 2862 po·

242 2875 323 2939 guior.
355 2875 409 2926 Sed
425 2878 542 2927 lenimina
558 2879 637 2938 diets,
652 2862 775 2944 quiiamo·
814 2876 866 2926 tius
876 2875 928 2926 fuit
938 2892 1014 2942 qnam
1032 2876 1163 2939 nobilitas,
1174 2876 1255 2924 nullos
1266 2871 1348 2939 patri-

240 2951 293 3001 dioi
305 2953 345 3003 rel
357 2952 437 3003 ctiam
453 2953 547 3003 nullius
562 2954 776 3020 ingenitasque
814 2952 877 3016 cios,
886 2954 968 3002 nullas
984 2953 1106 3017 imagines
1121 2950 1290 3001 numerabat:
1308 2966 1348 2999 sso-

239 3030 315 3082 initio
334 3047 410 3096 vaus,
425 3032 545 3097 ridicula,
566 3039 595 3083 et
614 3033 699 3084 tenuis
715 3048 773 3094 res;
814 3028 895 3078 bilitas
916 3034 1004 3080 tamen
1021 3028 1081 3091 fuit,
1100 3029 1147 3078 sed
1166 3042 1217 3077 nna
1234 3025 1280 3075 illa
1301 3040 1348 3074 stra

241 3112 335 3169 postea
354 3114 450 3160 auctas
474 3108 630 3159 turbenam
651 3114 774 3173 respectu
814 3105 925 3168 imagine
946 3106 1082 3155 decorata:
1103 3119 1137 3154 ex
1157 3118 1184 3153 se
1203 3103 1277 3153 velut
1295 3101 1349 3151 orti

239 3183 386 3245 sapientum
394 3191 422 3233 et
431 3198 576 3248 procerum,
587 3184 631 3248 qui
641 3184 774 3248 graviores
813 3182 971 3233 videbantur
991 3182 1051 3231 uovi
1074 3181 1113 3229 illi
1141 3180 1265 3242 homiues,
1287 3192 1347 3242 quun

239 3258 388 3321 voluptates
399 3260 574 3310 sectabantur.
723 3249 725 3254 ’
812 3258 896 3321 prims
907 3265 934 3307 et
943 3272 1042 3307 summa
1052 3257 1190 3318 claritudo,
1199 3270 1258 3320 quas
1267 3258 1348 3319 capnt

193 3332 198 3342 '
272 3340 283 3365 v
300 3334 508 3398 Eustogitioruss]
527 3337 628 3386 Vanum
645 3336 774 3386 ludicrum
815 3340 844 3383 et
853 3334 986 3398 scaturigo
1000 3332 1152 3382 nobilitatis.

240 3424 271 3458 eo
295 3410 427 3472 recidisse,
450 3417 479 3460 ut
503 3409 602 3475 flagitia
623 3411 776 3461 histrionum
847 3416 861 3441 ¹
878 3411 1016 3459 Censorium
1024 3407 1108 3470 fusus]
1125 3407 1237 3459 Quidam
1253 3411 1349 3470 putant

240 3484 324 3534 inulta
334 3498 440 3535 manere
450 3501 502 3535 nou
513 3486 635 3549 debeant,
646 3500 730 3551 neque
740 3485 775 3537 ob
814 3485 883 3535 idem
893 3499 950 3534 ease
961 3484 1039 3535 funus
1047 3483 1176 3547 publicum,
1186 3480 1263 3530 funus
1272 3495 1349 3530 senm-

239 3560 342 3609 illorum
370 3561 512 3624 potentiam
542 3576 558 3609 a
579 3561 774 3625 magistratibus
815 3559 1132 3624 isumftunusuutctioon.
1165 3557 1291 3607 Arbitror
1300 3571 1348 3619 ego

241 3635 357 3687 coiireeri
374 3635 485 3701 possint,
504 3635 550 3685 sed
567 3642 669 3699 patrum
686 3644 775 3687 aucto·
814 3634 891 3686 funus
905 3635 1023 3699 publicum
1035 3642 1062 3683 et
1079 3630 1347 3693 indictioum‚eadem:

240 3713 345 3762 ritatem
357 3712 499 3777 requirant.
526 3710 774 3777 Tantaluitpoten·
814 3713 944 3763 necaliud
960 3726 1026 3782 ease,
1042 3725 1119 3775 quiam
1134 3724 1193 3758 cum
1212 3707 1349 3757 denuntia·
1429 3719 1437 3736 ·

239 3789 450 3850 eleusiniorum,
462 3794 492 3837 ut
507 3788 610 3837 illorum
621 3788 711 3837 domos
722 3786 774 3836 ire·
814 3797 857 3839 tur
867 3795 896 3838 et
906 3786 1030 3836 iudicitur
1041 3786 1181 3847 publicitus
1193 3800 1239 3847 per
1250 3798 1350 3847 praeco-

240 3873 395 3932 quentarent
413 3872 546 3915 senatores
558 3866 616 3929 ipsi,
626 3872 657 3915 ut
672 3866 775 3931 equites
813 3879 883 3915 uem.
917 3863 1065 3926 Censorium,
1076 3869 1178 3925 partem
1196 3862 1253 3924 ejus
1272 3873 1348 3909 esse:

240 3944 351 3996 Romani
362 3943 492 4007 stiparent
503 3948 674 4005 tegereutque
686 3955 775 3990 eorum
813 3942 840 3992 id
851 3948 903 4005 est,
915 3949 944 3992 ut
955 3956 1030 3992 omne
1047 3940 1177 3988 omnnem
1186 3936 1261 3987 funus
1268 3936 1350 4001 publi·

239 4020 333 4084 latero,
348 4034 407 4070 curn
424 4020 453 4069 iu
468 4018 600 4082 publicum
620 4016 775 4080 egrederen·
793 4073 796 4078 ,
812 4034 865 4067 esus
875 4018 925 4076 sit3
942 4015 999 4082 (qui
1016 4015 1178 4065 euim‘aliter
1194 4014 1348 4063 honoratum

241 4100 300 4145 tur:
325 4095 394 4160 quod
413 4110 445 4145 eo
464 4108 546 4160 usque
568 4093 723 4155 invaluerat,
742 4097 774 4142 ut
813 4107 870 4143 esse
882 4099 970 4157 potest
978 4091 1000 4157 i)
1017 4098 1046 4141 at
1056 4105 1107 4141 non
1126 4104 1202 4140 omne
1219 4089 1348 4154 publicum,

238 4170 335 4222 edictis
346 4177 374 4221 et
385 4169 614 4232 senatusconsultis
626 4182 657 4217 ea
673 4166 774 4231 flagitis
815 4169 960 4218 Consanum.

239 4245 374 4312 comprimi
386 4244 595 4296 uecessefuerit.
845 4246 884 4295 Ut
894 4243 963 4294 inter
974 4236 1349 4306 magistrams‚bonoratissimi

271 4320 445 4386 Flogitiorsm]
477 4320 634 4385 intelligunt
665 4317 774 4385 flagitis,
814 4320 937 4383 cessores,
947 4314 1348 4383 isqueeumulusquasiseliqes-
