3075 4917
189 405 257 460 ,1.0.
269 408 324 471 a]
541 403 749 453 ANNAMUM
775 407 849 456 ΜΒ.
873 408 925 456 lv.
1225 400 1292 468 677

192 533 330 601 secreta¹
343 556 477 621 quoquc
491 537 577 621 ejus,
593 546 877 625 computarere,
888 545 1116 626 prodebantur.

232 638 265 701 8.
288 638 394 719 Igitur
407 639 561 723 Sejanus,
584 643 816 707 maturandum
836 650 942 722 ratae,
961 645 1075 729 deligit
1096 660 1290 728 venenum,m

191 758 256 821 qun
270 742 431 821 paulatim
456 743 640 825 irrepente‚¹¹
654 744 808 809 fortuitus
822 747 956 811 morbus
970 749 1229 816 assimularetur:
1252 752 1289 816 id

191 840 302 903 Druso
317 838 431 903 datum
450 861 509 924 per
524 842 676 926 Lygdum
696 835 892 928 spadonem,
909 855 948 913 ut
970 855 1048 914 octo
1071 859 1148 933 post
1171 850 1289 918 annosb

190 942 360 1037 cognitum
385 948 448 1007 cst.
508 943 661 1011 Ceterum
684 947 855 1028 Tiberius,
875 970 935 1033 pcr
956 970 1068 1015 omnes
1089 954 1288 1020 valetudinis

184 1145 271 1179 arcusa
282 1132 354 1180 ctiam
363 1132 423 1202 ejas,
432 1134 531 1194 pellecta
541 1138 565 1183 et
572 1137 779 1201 pcltutacoejuge,
789 1138 955 1201 aperiebantur
962 1140 1056 1201 Seiam.

222 1195 306 1265 Itaque
316 1195 416 1271 Sepone
430 1202 517 1259 petuas
530 1203 703 1263 properandum
714 1216 769 1261 esse,
788 1208 858 1263 purat
873 1218 993 1265 cenenum,
1006 1221 1051 1267 prro
1060 1207 1146 1256 usare
1152 1214 1285 1272 pensate,

182 1258 293 1333 scriptito
301 1262 421 1335 aegpstudo
431 1263 573 1311 crcdmstsr.
608 1264 638 1312 Id
651 1266 729 1313 Drrtso
746 1266 850 1316 ablutum
864 1283 909 1330 per
923 1269 1034 1332 Lygdum
1049 1272 1185 1334 eunuchus,
1194 1280 1221 1321 st
1236 1279 1287 1322 octe

187 1338 257 1372 σιω
273 1325 361 1388 etopus
376 1330 518 1389 compertum
528 1332 572 1376 ess.
604 1330 639 1377 At
654 1330 761 1379 liberius
769 1346 813 1394 per
822 1337 900 1381 totum
909 1337 1010 1398 tempus,
1026 1350 1071 1397 quo
1084 1339 1180 1384 durnsit
1194 1338 1287 1387 multu

683 1481 790 1532 NOTAE
851 1537 852 1540 ,

186 1584 270 1634 uirtus
297 1584 342 1632 ills
368 1585 393 1632 in
422 1585 516 1647 Sejano
544 1586 603 1634 Dea
627 1584 717 1650 fuerit,
756 1597 851 1638 maret.

187 1665 642 1729 qnodvannmstridiculnmfaerit.
675 1667 718 1716 In·
789 1672 806 1697 ¹¹¹
825 1667 919 1729 Deligit
935 1667 1059 1731 emensas]
1080 1665 1142 1718 tate
1159 1681 1284 1721 venenum

186 1744 277 1807 tellige
292 1745 418 1794 orandam
435 1758 490 1793 esse
506 1746 657 1796 modestiam
672 1745 717 1794 Se·
755 1742 803 1789 sibl
814 1743 1030 1806 Carthaginenses
1041 1743 1143 1794 dedisse
1155 1747 1222 1796 dixit
1233 1749 1282 1797 Re·

178 1820 243 1883 jano
255 1822 324 1883 Diis,
334 1823 376 1870 vel
392 1822 478 1884 potius
495 1820 615 1869 orandam
633 1822 715 1884 ipsam
756 1817 839 1880 gulas,
849 1832 900 1865 non
912 1823 1144 1882 presentanenm‘
1156 1823 1203 1871 sed
1219 1825 1283 1887 ejus·

180 1896 275 1958 Sejani
293 1895 457 1955 modestiam,
479 1910 525 1944 sen
546 1897 629 1957 ipsum
646 1896 717 1958 Seja·
755 1891 834 1952 modi,
854 1895 921 1957 quod
944 1901 1054 1942 mortem
1085 1896 1229 1958 proferret:
1251 1913 1283 1947 eo
1365 1903 1372 1928 ⁸

183 1986 245 2020 narn
257 1979 287 2021 ut
298 1980 471 2036 temperaret3
484 1971 611 2032 sitiverit,
621 1986 714 2035 nempe
754 1969 870 2031 consilio,
881 1976 911 2018 ut
920 1971 1020 2020 viveret
1031 1973 1136 2035 quidem
1144 1975 1282 2038 tantisper,

183 2049 334 2111 rogandam·
348 2063 404 2097 esse
423 2048 546 2112 Sejannm
568 2049 663 2110 ipsum,
685 2054 715 2097 ut
754 2044 838 2107 quoad
850 2045 926 2094 fieret
937 2049 1107 2109 permutatio:
1124 2056 1282 2112 portantem

181 2125 335 2174 modestiam
344 2125 465 2174 exhibere
473 2130 501 2173 et
510 2129 648 2174 contentus
657 2138 713 2174 esse
753 2128 887 2182 grassante
905 2124 999 2171 sensim
1012 2137 1122 2185 veneno,
1133 2140 1180 2173 cor
1197 2127 1282 2176 tabes-

182 2199 345 2263 dignaretnr.
468 2233 471 2236 t
752 2197 847 2269 ceret3’
864 2197 936 2261 (lego
951 2198 1135 2264 manumet)
1154 2200 1223 2250 Geli.
1243 2216 1282 2251 vr.

217 2276 276 2324 Nec
296 2290 342 2338 par
360 2283 401 2325 est
420 2278 499 2339 locus,
520 2292 595 2341 quern
624 2278 712 2326 attulit
750 2276 775 2322 4.

183 2350 285 2413 Lipsius
294 2366 329 2400 ex
345 2352 429 2401 Taciti
441 2352 486 2400 lib.
500 2353 564 2401 xv.‘
577 2351 710 2414 Optimum
765 2349 978 2416 ,theophrastus
999 2350 1044 2399 lib.
1066 2364 1108 2402 rx.
1128 2352 1181 2416 περὶ
1201 2356 1280 2416 pwbr

182 2425 314 2475 fonnnasn
324 2428 494 2490 arandam,nt
511 2429 590 2492 pedes
605 2428 711 2493 (Roma-
750 2421 825 2486 lmp-
842 2426 875 2472 de
891 2426 1003 2489 aconito,
1014 2426 1160 2477 συντίθεσθαι
1172 2428 1207 2491 il,
1218 2430 1281 2478 bore

181 2500 244 2565 ens)
254 2502 380 2551 confectis
390 2503 512 2552 itinerum
530 2505 628 2570 spatiis,
639 2504 710 2568 eqni·
750 2500 812 2548 κατὰ
822 2499 919 2563 χρόνους
926 2502 1028 2550 ressais
1037 2497 1149 2565 ἂναιριῖνζ
1156 2503 1205 2553 einr
1216 2505 1281 2565 δίμη-

182 2585 237 2628 tenr
252 2578 432 2645 (Parthorum)
448 2581 648 2646 assequeretur‚'
664 2596 710 2630 seu
749 2595 798 2638 νον,
805 2576 923 2640 τρίμηνον,
935 2576 1055 2639 ἑξάμηνον,
1064 2578 1177 2641 ἐνιαυτὸν,
1187 2579 1242 2629 τοὺς
1254 2579 1280 2628 st

179 2668 259 2704 eursu
269 2656 431 2719 adaequaret:
453 2671 496 2716 ne,
514 2671 616 2720 sempe,
632 2657 712 2720 legio·
749 2655 789 2703 rai
805 2652 846 2703 m
859 2653 909 2712 ἔτη.
941 2655 1006 2703 Mihi
1028 2660 1113 2704 tamen
1128 2656 1177 2704 hoc
1193 2656 1281 2705 verisi-

180 2730 256 2780 sibns
275 2732 349 2780 Rom.
370 2733 542 2796 contingeret,
561 2733 631 2796 quod
650 2734 710 2782 olins
749 2734 811 2781 mile
828 2747 879 2781 non
890 2732 934 2781 tit:
952 2747 1036 2781 cause
1048 2740 1108 2782 sunt
1119 2732 1258 2783 obscmae.

179 2807 273 2856 Crasso
291 2813 318 2856 et
335 2809 373 2856 Μ.
395 2808 514 2871 Antonio,
532 2816 562 2857 nt
578 2810 665 2873 equite
682 2815 711 2858 et
781 2808 858 2863 “Quo
876 2809 991 2871 paulatim
1013 2808 1141 2872 irrepente]
1171 2809 1279 2874 Delegit

179 2883 281 2945 sagittis
287 2883 500 2932 Parthicisinulti
509 2885 635 2947 perirent.
646 2884 710 2932 Turn
749 2898 884 2945 venenum,
895 2883 964 2948 qnod
976 2898 1027 2933 non
1042 2884 1130 2933 statim
1141 2884 1279 2948 extingue·

178 2957 530 3008 certemaximesrssdufuit
543 2959 640 3021 optim
652 2959 711 3007 For·
749 2965 790 3007 ret
815 2960 952 3019 hominem,
979 2960 1025 3008 sed
1046 2961 1086 3009 ita
1106 2966 1277 3023 temperatam

177 3029 238 3081 husa
248 3034 337 3095 populi
357 3034 429 3081 Rom.
440 3040 468 3082 et
485 3034 564 3097 ipsius
575 3034 709 3097 principis,
749 3041 828 3096 esset,
840 3042 870 3083 ut
885 3035 1008 3097 paulatim
1018 3050 1045 3083 se
1062 3036 1165 3097 corpori
1182 3035 1287 3092 insinu,

176 3107 218 3172 (et
239 3108 291 3157 ista
308 3109 364 3158 base
381 3109 496 3158 Fortuna
512 3110 570 3158 Des
591 3111 709 3159 Deomm
748 3124 803 3172 ans,
828 3110 949 3173 vicesque
975 3123 1138 3171 consumens,
1160 3107 1276 3159 fortuitae

177 3182 344 3247 Dearumqne
354 3182 535 3247 celeberrima)
544 3191 572 3233 ut
581 3184 658 3232 saluti
669 3191 709 3234 tot
749 3184 902 3233 valetudinis
919 3184 1033 3246 speciem
1052 3184 1196 3233 exhiberet.
1232 3186 1276 3234 Sic

176 3258 273 3307 civium
283 3259 357 3308 Rom.
369 3260 525 3309 consuleret.
746 3258 831 3306 Tacit.
843 3270 894 3305 ιιι.
903 3262 945 3306 66.
957 3256 1001 3306 nbi
1012 3258 1046 3305 de
1064 3257 1181 3307 necando
1199 3259 1277 3309 Clon-

209 3333 308 3384 Irridet
324 3336 372 3384 boe
388 3336 446 3384 loco
466 3337 568 3385 Drusus
579 3337 708 3400 sejanum,
747 3333 790 3381 dio
799 3334 930 3383 consultat
940 3333 1097 3397 Agrippina:
1109 3334 1169 3383 ‘De
1180 3349 1276 3397 genere

176 3423 254 3475 quem
272 3408 412 3460 ambitione
429 3410 544 3461 ferocem
565 3418 592 3461 et
611 3412 707 3460 nuliius
747 3411 838 3458 veneni
858 3411 1023 3473 consultavit,
1044 3426 1076 3459 ne
1095 3413 1231 3475 repentino
1248 3418 1276 3461 et

176 3486 313 3534 modestice
322 3490 446 3549 capacem
462 3488 571 3550 sciebat,
582 3493 610 3536 et
626 3487 648 3535 si
668 3502 706 3536 se·
746 3487 877 3549 precipiti
887 3485 986 3536 facinus
1003 3486 1171 3550 proderetur;
1183 3488 1205 3537 si
1223 3489 1276 3537 len·

176 3561 228 3609 mel
240 3560 410 3624 principatum
420 3569 523 3626 raptum
532 3563 603 3625 isset,
613 3563 645 3611 de
661 3563 706 3613 illo
746 3568 802 3610 tom
811 3570 838 3611 et
850 3562 966 3611 tabidum
974 3564 1122 3627 delegisset,
1139 3579 1172 3612 ne
1190 3566 1276 3614 admo·

176 3636 332 3699 dicipotsit
343 3638 411 3701 qrrod
422 3638 562 3688 reclutit.
574 3639 607 3687 de
616 3638 705 3689 Germ.
727 3700 731 3708 1
746 3644 788 3686 tus
804 3639 929 3701 supremis
939 3639 1070 3701 Claudius,
1081 3645 1109 3690 et
1122 3641 1182 3689 dolo
1199 3641 1274 3688 intel·

171 3713 245 3776 Mor.
264 3713 357 3761 ‘Inter
376 3714 534 3775 impotentes
556 3721 585 3763 et
602 3715 705 3764 ualidus
744 3716 825 3778 lecto,
835 3716 868 3765 ad
881 3715 1047 3780 amoremfilil
1055 3716 1166 3766 rediret:
1185 3715 1274 3779 exqui·
1366 3779 1370 3782 Β

174 3785 241 3837 falso
252 3789 378 3852 quiescas,
395 3789 441 3836 ubi
458 3804 534 3838 manu
546 3790 641 3853 agitur,
653 3805 705 3840 mo·
745 3792 823 3855 sitnm
836 3793 931 3857 aliquid
953 3793 1082 3857 placebat,
1098 3791 1168 3857 quod
1185 3792 1274 3841 turba·

175 3862 260 3912 destis
269 3876 302 3911 ac
314 3863 430 3925 probitas
441 3865 545 3913 uomina
565 3867 705 3929 superioris
745 3874 786 3917 ret
797 3874 910 3918 mentem
921 3876 949 3918 et
957 3876 1065 3917 mortem
1073 3866 1208 3917 differret!

174 3939 252 3987 sanu’
774 3953 788 3977 ⁰
807 3946 840 3994 Ut
850 3951 901 3994 octo
908 3951 963 4008 post
972 3943 1055 4006 assos]
1070 3944 1163 4004 Recte,
1173 3956 1205 3991 eo
1216 3941 1273 4007 ipsu

207 4011 329 4076 maesta]
346 4014 454 4063 Secreta
461 4015 517 4079 ejus
527 4015 704 4077 prodebantur
743 4020 867 4069 videlicet
887 4034 963 4082 enno,
982 4033 1034 4083 qno
1056 4015 1209 4068 interfectus
1226 4019 1272 4068 Se-

172 4087 703 4153 alivillsuxoreadultersSejanu,Liviae
739 4093 828 4158 janus,
848 4110 907 4144 eum
929 4093 1038 4157 Apicata
1055 4093 1112 4157 ejus
1129 4108 1195 4143 uxor
1214 4095 1271 4144 hoec
1367 4089 1374 4093 ⁴

172 4163 309 4227 Augustae,
320 4163 389 4213 forte
400 4169 430 4213 et
445 4164 561 4229 Tiberio,
577 4167 620 4230 qui
628 4167 703 4230 juve·
734 4169 843 4219 oculere
861 4168 988 4235 prodidit:
1010 4169 1069 4220 vide
1093 4169 1205 4221 Dionem
1223 4171 1270 4223 lib.
1319 4197 1322 4201 ⁴

172 4253 231 4294 acm
251 4237 356 4304 ingenio
378 4239 562 4308 ferocomhiuc
579 4243 662 4295 minus
677 4259 703 4295 a·
739 4257 822 4308 ¹nnsis.
1101 4267 1103 4270 ·
1294 4243 1297 4252 “
