3075 4917
179 397 316 463 acac]
539 389 745 443 laurarum
770 393 842 441 ura.
866 394 917 441 ιν.
1212 380 1277 446 811

176 535 237 603 aed
252 536 287 598 in
301 534 437 600 sordida
450 534 608 599 mereede¹
623 535 658 601 id
670 536 838 618 negotium
853 536 1073 618 quaesivisset.
1103 534 1275 603 Affluxere

178 637 271 700 avidi
287 637 413 713 talium,
427 636 634 719 imperitante
647 636 783 700 Tiberio
805 638 922 720 procul
936 637 1162 721 voluptatibus
1182 638 1276 702 bebi·

177 738 214 813 u,
228 738 325 801 uirile
338 756 379 801 ac
393 737 571 801 muliebre¹¹
586 743 711 814 aecua',²
721 741 828 802 omnia
839 744 935 815 aetas,
945 739 989 802 ob
998 739 1276 822 propinquitatem

176 838 245 902 loci
257 837 414 902 effusius:
435 836 523 902 unde
548 839 679 920 gravior
686 842 797 922 ‚pestis
818 840 890 917 fuit,
906 840 1052 904 conferta
1073 840 1185 916 mole,⁰
1198 840 1275 905 dein
1304 894 1307 900 .

176 939 347 1017 convulsa,
363 940 443 1003 dum
465 941 531 1003 ruit
552 942 653 1016 intus,
669 947 726 1006 aut
749 942 784 1004 in
809 943 974 1006 exteriora
994 940 1187 1006 effunditur:
1212 943 1274 1006 im·

173 1048 389 1125 mensamque
416 1040 482 1105 vim
510 1042 708 1119 mortalium,
733 1042 928 1126 spectaculo
955 1043 1107 1119 intentos,
1130 1050 1188 1108 aut
1213 1043 1273 1127 qui

174 1221 320 1283 umbra.
363 1222 508 1272 Concurrere
526 1222 637 1288 nudique
658 1225 769 1286 ejusmodi
789 1224 949 1286 voluptatum
963 1224 1037 1286 aridi,
1057 1223 1152 1273 Tiberio
1166 1223 1274 1287 panope

172 1285 256 1346 procul
270 1285 444 1335 mansuaria
460 1286 546 1348 babiti,
565 1289 641 1336 orasis
652 1303 729 1351 mnas,
738 1293 763 1338 et
780 1288 854 1337 amab
863 1288 1109 1349 eenamcenam
1127 1288 1273 1336 viduitatem

172 1349 239 1409 ardis
248 1350 382 1414 affluentiae
391 1367 400 1407 ,·
417 1352 478 1399 arde
492 1351 616 1400 immanior
625 1352 784 1414 erogassent,
795 1352 920 1412 confertim
928 1357 1011 1401 neate
1023 1354 1089 1414 rade,
1098 1351 1153 1400 deis
1163 1356 1272 1414 quassata

172 1416 197 1460 ct
207 1412 318 1476 abrepto,
328 1416 383 1463 dam
392 1414 485 1476 ingruit
495 1415 570 1478 intas,
580 1421 622 1465 urst
632 1418 736 1466 exiemus
745 1417 864 1480 camptu
878 1416 1040 1482 infinitamque
1050 1416 1143 1464 turbans
1152 1415 1272 1465 hominm

633 1540 810 1561 “euoenon

206 1622 220 1667 1
238 1618 332 1668 Mallet
342 1619 469 1683 Pieherra,
479 1622 505 1671 irs
515 1622 634 1672 sordidam
643 1626 778 1674 mercedem
807 1624 849 1699 Sip
859 1624 920 1673 olim
931 1625 1055 1687 scriptum
1063 1623 1143 1674 inisse
1155 1624 1272 1688 probabi·

170 1682 293 1732 lissimum
306 1684 466 1735 vinctae-a
482 1686 525 1736 Ita
534 1688 585 1736 llis.
595 1688 729 1739 Plaelac.
739 1688 885 1738 Gronovius
898 1696 926 1738 et
936 1690 1103 1737 recentiores.
1126 1689 1270 1752 Perperene

169 1748 314 1797 Beroaldus
325 1756 471 1811 etveteres,
482 1751 558 1799 virilis
566 1752 805 1801 neustrie-lamas.
831 1754 917 1805 Quam
924 1754 1006 1801 multa
1012 1752 1173 1815 antiquitatis
1182 1758 1210 1801 et
1218 1752 1269 1800 Ro-

169 1813 355 1873 manrslinguae
363 1814 519 1864 monimenta
528 1815 731 1866 obliteraritlroc
739 1816 1199 1866 insanabileemcndandicacoitbesl
1218 1815 1269 1864 Mi-

169 1875 238 1924 nime
259 1882 346 1925 maren
362 1877 475 1928 insolens
492 1879 519 1927 id
533 1880 637 1928 dicendi
654 1894 745 1943 genus.
780 1881 822 1929 Sic
842 1881 910 1930 enirn
931 1881 1078 1939 Sallustius,
1101 1881 1174 1943 lr'rag.
1195 1879 1268 1930 Hist.

170 1954 197 2003 p.
217 1943 274 1989 294.
308 1941 425 2005 ‘Magna
446 1942 528 2006 gloria
549 1945 755 1994 eoncrrrrentium
773 1944 888 2008 undique
906 1945 979 1993 virile
996 1951 1024 1993 et
1040 1943 1163 1993 muliebre
1182 1957 1268 2006 mens,
1361 1946 1366 1955 ⁵

169 2005 282 2067 pervias
303 2019 333 2055 ac
353 2012 423 2056 tecta
440 2008 553 2056 omniurn
565 2007 713 2058 visebatur!
755 2010 844 2058 Lirim
855 2014 984 2059 nanta
1001 2014 1009 2037 ‘
1025 2008 1172 2058 Liberorum
1194 2007 1268 2071 eapi-

171 2070 224 2116 tum
235 2068 310 2118 virile
321 2084 395 2119 aecus
413 2070 446 2119 ad
463 2070 553 2123 decem
565 2073 644 2122 millia
655 2071 750 2136 capta'
793 2074 905 2138 lpseqne
917 2073 1075 2132 Priscianus,
1084 2087 1111 2121 v.
1123 2072 1156 2120 de
1168 2072 1269 2136 generi·

166 2130 227 2192 bns,
240 2134 405 2182 masculinnm
425 2137 507 2184 est—‘
520 2137 739 2200 Sexrrs,quanrvis
755 2136 866 2186 Plautus
885 2147 914 2187 et
931 2138 979 2187 boc
1000 2152 1086 2195 sexus,
1104 2136 1181 2200 bajus
1200 2137 1267 2197 sexi,

168 2202 263 2245 neutro
281 2212 378 2260 genere
394 2199 503 2262 protulit
520 2202 545 2249 in
564 2200 701 2250 Rudente:
734 2201 817 2250 Virile
835 2216 910 2250 sexos
927 2216 1055 2266 nunqnam
1072 2201 1152 2249 ullum
1170 2199 1266 2250 habui!

169 2257 214 2308 Ita
223 2259 283 2308 libri
294 2261 367 2323 editi,
384 2270 412 2312 et
423 2263 614 2328 antiquissimus
625 2272 713 2314 noster
723 2266 776 2314 Ms.
790 2265 880 2314 Codex
891 2266 1029 2314 Prisciani.
1047 2264 1154 2314 Brotier.
1192 2264 1268 2313 Virile

168 2338 197 2372 ac
206 2324 318 2374 aanor
327 2340 397 2376 usas
413 2333 525 2377 testatur
536 2344 593 2379 esse
604 2329 629 2381 iu
642 2330 693 2379 Ma.
705 2330 781 2379 unico
792 2330 923 2379 Plebena:
941 2329 1017 2378 etsie
1034 2329 1128 2378 iterum
1138 2329 1172 2378 H.
1187 2343 1212 2378 u.
1225 2331 1266 2377 1⁸.

170 2387 320 2439 Priscianus
333 2391 350 2439 l.
362 2405 389 2440 v.
404 2391 533 2442 ‘Plautus
550 2393 598 2442 lroc
616 2408 701 2456 sexus,
718 2393 794 2458 hujus
810 2395 875 2456 sexi,
892 2399 983 2442 neutro
999 2407 1095 2457 genere
1113 2393 1221 2457 protulit
1237 2393 1265 2442 iu

170 2451 310 2502 Rudente:
326 2455 408 2503 Virile
419 2471 495 2506 sexus
506 2472 637 2522 uunquam
649 2458 728 2507 nllnm
738 2458 816 2506 habui
826 2458 847 2506 :''
858 2464 886 2507 et
896 2459 934 2506 ita
952 2456 1037 2506 locum
1055 2457 1144 2504 Plauti
1163 2458 1188 2504 in
1200 2457 1265 2505 Ma.

169 2514 236 2565 Pali.
246 2517 297 2579 legi
316 2525 444 2568 testantur
455 2521 535 2571 docti.
568 2521 633 2571 Seru
643 2537 744 2586 qnoque
753 2522 822 2570 uirile
832 2521 883 2570 dici
901 2521 1018 2584 Scaliger
1029 2526 1057 2569 et
1068 2520 1111 2568 alii
1123 2525 1264 2582 putavere:

168 2580 202 2629 de
215 2595 266 2641 qno
277 2581 402 2632 ddendns
415 2583 478 2635 Ger.
491 2585 598 2635 Vossius
610 2588 625 2634 l.
636 2600 654 2635 1.
665 2586 698 2634 de
708 2586 784 2634 Aual.
795 2601 819 2634 c.
828 2589 869 2634 81.
882 2591 909 2632 et
917 2585 935 2633 l.
944 2598 975 2632 rr.
988 2598 1012 2634 c.
1021 2587 1060 2632 17.
1094 2582 1265 2632 Nihilominus

167 2644 194 2694 J.
207 2645 237 2692 F.
250 2644 396 2696 Gronovius
408 2663 458 2697 non
469 2649 580 2711 dubitat,
590 2651 651 2713 quin
663 2650 800 2714 utrobique
811 2649 880 2712 apud
888 2648 1003 2697 Tacitum
1016 2645 1265 2709 recinendumve&

167 2723 196 2756 oc
206 2710 316 2758 muliebre
329 2725 409 2761 mars:
428 2718 482 2761 tum
498 2728 567 2777 sape
587 2713 657 2776 apud
679 2714 742 2761 alios
764 2721 916 2776 corruptam
937 2714 987 2762 boc
1003 2711 1158 2761 vocabulum
1179 2715 1264 2775 putat.

166 2771 236 2820 Vide
244 2786 304 2822 eura
314 2775 347 2823 ad
359 2775 427 2825 Lirli
437 2777 624 2828 burnell.
649 2776 766 2841 Reddas.

661 2887 772 2939 NOTAE

165 2996 696 3063 naupcrabaadantiamdiritiarunrms·
734 3014 865 3064 nunqnam
891 2998 982 3063 babuit
1009 2996 1106 3048 ullum.’
1155 2997 1263 3048 Tacitus

164 3075 384 3137 quebnnsrumin
395 3076 536 3139 municipio
544 3092 591 3127 suo
603 3078 695 3140 adipis-
735 3076 849 3137 scripsit,
858 3073 1171 3124 eirikmmliebreaecas.
1196 3074 1263 3122 Vide

163 3150 306 3200 caudarum
325 3152 418 3215 gratia,
435 3152 538 3215 plebem
557 3154 695 3218 largitione
735 3153 769 3203 ad
779 3152 881 3201 Liuium
893 3165 971 3202 xxvr.
981 3156 1023 3201 47.
1041 3151 1181 3201 Gronovius.

163 3226 421 3290 cumulatamque
440 3236 541 3279 tantum
561 3229 694 3279 obsordi·
765 3235 778 3260 ⁰
795 3227 911 3286 Conferte
930 3227 1000 3289 mole]
1026 3225 1173 3276 AEdilicium
1198 3224 1263 3277 iliad

164 3301 225 3353 darm
241 3308 535 3366 quaestumstructuraar
547 3305 694 3369 btimope·
732 3309 806 3353 tanto
826 3304 899 3354 oneri
920 3302 1027 3352 ferendo
1050 3302 1132 3365 impar
1153 3307 1263 3373 repente

162 3377 200 3429 ris
209 3376 236 3425 iu
246 3390 275 3426 se
285 3385 431 3440 receperat.
733 3379 885 3428 dissolutum
902 3386 951 3440 est,
961 3379 1066 3443 lateque
1085 3392 1173 3441 sparsa
1188 3375 1263 3427 rnlua

196 3450 277 3502 Forte
288 3469 322 3501 ex
340 3455 403 3504 locis
412 3461 442 3507 et
458 3455 562 3506 sedibus
573 3461 694 3520 spectan-
732 3456 854 3522 (namque
875 3471 935 3519 pars
961 3457 1030 3505 intus
1055 3455 1170 3519 collapsa
1194 3461 1262 3517 erat,

164 3528 228 3576 tiam
246 3529 393 3579 mercedem
412 3532 524 3596 aliquam
543 3533 631 3594 vilem,
647 3547 693 3582 sen
733 3548 794 3597 pars
814 3534 841 3582 in
860 3533 989 3584 exteriora
1008 3530 1203 3596 procubuerat),
1216 3532 1261 3581 im·

162 3604 253 3667 mor,
275 3605 399 3668 captabat
431 3605 536 3657 Atilius.
584 3606 693 3656 Talibus
732 3610 986 3659 mebsambominnm
1003 3609 1194 3660 multitudinem
1204 3622 1262 3671 par·

162 3681 321 3744 spectaculis
340 3681 424 3732 dediti
442 3697 545 3747 prorsus
572 3684 694 3744 mortales
733 3686 780 3735 tim
807 3688 957 3748 spectaculo
978 3686 1106 3736 intentam
1130 3683 1261 3748 praecipiti

161 3756 286 3806 horumce
297 3763 453 3820 temporum,
473 3759 509 3809 ita
520 3766 550 3809 nt
560 3761 593 3807 ao
604 3766 693 3823 portas
732 3776 794 3811 casn
805 3760 907 3824 afflixit,
918 3762 1012 3825 partim
1023 3763 1092 3811 circa
1104 3760 1260 3823 amphithea-

161 3832 420 3884 omuiumciritatum
431 3833 516 3885 Italiae
533 3832 633 3885 structa
653 3850 693 3884 es·
732 3843 801 3886 unm
818 3837 998 3887 obversantem
1015 3835 1154 3898 improvisa
1172 3840 1260 3897 strage

160 3914 220 3956 seut
230 3908 429 3972 ampbitbeatra,
435 3916 463 3959 et
471 3910 576 3975 quidem
590 3925 692 3960 mansn-
730 3912 819 3962 obrait
829 3912 1019 3975 oppressitque.
1036 3909 1218 3965 Freinshemius.
1241 3909 1243 3913 '

160 3997 202 4045 ra,
212 3991 243 4032 ut
252 3984 621 4037 snmdbusuorastruetiouia
633 4000 691 4049 par·
765 3987 880 4047 causatu
890 3986 960 4048 nole]
976 3986 1058 4035 Simul
1073 3992 1101 4034 et
1115 3984 1259 4047 derepente

161 4065 275 4108 ceretu.
731 4068 790 4112 tota
802 4062 884 4110 moles
900 4060 1036 4111 confertim
1048 4061 1110 4122 ruit,
1119 4060 1180 4109 dein
1198 4075 1260 4111 eon·

193 4141 206 4167 ⁵
227 4135 303 4186 Virite
324 4152 352 4187 ac
373 4135 484 4187 misire
499 4136 577 4200 seem]
607 4136 692 4200 Volgo
731 4137 836 4188 vellitur
846 4136 951 4199 proprio
970 4135 1129 4200 ponderent
1143 4149 1259 4201 perpar-

159 4225 239 4260 κω.
265 4211 308 4261 Sic
316 4212 406 4283 Plant.
417 4211 486 4263 Rnd.
502 4213 511 4242 ‘
523 4212 599 4263 virile
614 4226 691 4262 sexus
731 4212 952 4275 tesabmmpitur.
