3075 4917
250 367 318 438 714
605 379 842 432 roccamaura
865 379 994 430 racrrr
1191 356 1353 452 [iuquit

202 538 223 570 '·
247 523 423 594 concessit.
464 519 569 598 Hunc
584 542 646 605 ego
660 521 836 605 Lepidum,
851 521 1057 604 temporibus
1078 517 1155 599 illia,
1171 532 1352 604 graremet

249 631 434 713 sapientem
448 628 554 691 virum
568 624 674 689 fuisse
689 624 870 707 comperio.
914 622 1004 686 Nam
1017 624 1174 707 pleraque
1189 627 1233 688 ab
1248 628 1351 710 saevie

249 724 518 795 bdul'ationibusy
539 722 678 791 aliorum
693 727 728 789 in
741 725 859 788 melius
871 724 966 788 flexit
977 732 1007 789 :²
1027 739 1131 809 neque
1146 734 1255 792 tamen
1267 733 1350 792 tem·
1368 783 1373 790 ,

250 830 430 915 peramenti
442 829 571 911 egebat,
587 847 665 891 cum
681 826 842 909 aequabili
863 827 1057 891 auctoritate
1082 834 1115 892 et
1129 830 1237 909 gratia
1261 830 1353 912 apud

246 931 420 996 Tiberium
447 931 597 1012 viguerit.
642 927 740 991 Unde
770 926 924 990 dubitare
955 946 1066 1008 cogor,
1096 927 1165 990 fato
1196 934 1229 991 et
1264 934 1351 993 sorte

250 1031 434 1109 nascendi?
448 1038 485 1096 ut
500 1035 619 1106 cetera,
633 1030 681 1092 ita
691 1026 886 1109 Principum
900 1028 1070 1092 inclinatio
1084 1028 1199 1106 inlice,
1211 1029 1351 1094 offensio

249 1127 285 1210 in
299 1133 458 1197 illoS.au
481 1132 524 1196 sit
549 1127 676 1213 aliquid
697 1127 732 1191 in
754 1128 876 1191 nostris
894 1129 1053 1208 consiliis,
1068 1125 1257 1213 liceatque,¹’
1269 1128 1352 1195 inter

250 1272 310 1374 tiliis
321 1324 385 1374 Silii.
418 1320 770 1396 Egereperioiaselaepidum
787 1335 815 1369 eu
832 1325 903 1370 oetote
924 1325 1067 1370 cruorem
1084 1322 1299 1385 prudentemque
1274 1337 1352 1371 rarum

242 1388 328 1449 futter
358 1386 451 1451 Quippe
462 1386 646 1436 audomarii
656 1385 852 1460 mactationibus
861 1386 1003 1446 odoramen
1013 1387 1089 1434 lenius
1099 1387 1353 1449 commearem

251 1453 402 1501 modestiaet
412 1451 590 1514 temperamenti
600 1464 684 1525 expers
697 1448 760 1511 suit,
770 1450 855 1512 quippe
874 1450 915 1512 qui
931 1450 987 1512 pori
1003 1454 1119 1512 potestate
1134 1454 1159 1498 et
1174 1451 1281 1499 muiritia
1291 1452 1353 1513 opud

253 1516 372 1578 liberium
408 1517 504 1565 merit.
538 1514 604 1563 Hirro
622 1511 746 1562 dubitandi
765 1515 827 1561 iocus
845 1517 1031 1571 crememur
1049 1519 1112 1562 sorte
1126 1514 1353 1575 geniturarum

250 1580 366 1628 omaiossr
395 1579 446 1640 rto
452 1578 507 1640 foto
517 1580 625 1641 wedam
635 1592 769 1639 principum
776 1593 864 1640 pronus
873 1578 932 1625 aab
932 1579 1052 1626 »sedimus
1069 1579 1111 1639 rit,
1128 1577 1253 1637 irriensis
1245 1594 1270 1626 ιιι
1285 1579 1353 1626 illos:

251 1659 283 1694 ιιι
294 1658 349 1693 rero
359 1644 448 1706 aliquid
463 1647 550 1692 nemra
557 1642 691 1705 prudentia
702 1642 770 1707 imit,
781 1642 894 1742 liceatque
904 1642 968 1691 iuter
984 1614 1131 1705 precipitem
1146 1643 1311 1707 pervicacium,
1330 1647 1355 1691 et

749 1805 858 1859 NOTAE

227 1939 230 1946 ’
248 1934 365 1989 Τιοίιιιὲ.
375 1937 444 1988 Anu.
456 1938 475 1988 1.
487 1951 548 1988 xvi.
559 1945 587 1989 et
598 1939 688 1989 histor.
699 1943 724 1988 l.
825 1939 952 2001 genitura
974 1940 1042 2003 iege,
1063 1939 1135 1988 slent
1152 1938 1211 2001 alla,
1220 1937 1259 1987 ita
1273 1935 1355 1986 etiam

253 2029 257 2037 ’
286 2016 784 2079 NecpraetereundnshieDionislocus,
825 2015 981 2079 principum,
989 2016 1016 2064 in
1024 2015 1189 2079 hosfaror,iu
1199 2015 1255 2064 illos
1266 2013 1355 2064 odium

253 2091 339 2156 quide
348 2091 461 2155 premiis
469 2106 558 2141 eornm
566 2093 720 2156 quittamus
727 2106 785 2156 per·
810 2092 983 2153 concitetur,
1006 2106 1040 2142 aa
1067 2092 1154 2156 potius
1175 2091 1203 2139 in
1226 2091 1356 2140 bominum

253 2175 370 2217 cursores
381 2168 554 2218 accusabant:
569 2171 578 2197 ⁴
591 2169 730 2218 Praemium
741 2184 784 2219 ac·
824 2169 937 2219 consiliis
958 2169 1062 2234 aliquod
1080 2168 1115 2217 ad
1131 2168 1183 2218 ista
1197 2174 1356 2218 momentum
1410 2161 1414 2169 ’

254 2243 393 2293 curationis
418 2244 556 2307 pecuniam
580 2244 745 2307 accipiebant
768 2259 785 2293 e
825 2244 869 2293 sit.
892 2271 896 2278 ·

254 2316 461 2379 horridamque,
472 2326 500 2369 et
508 2320 628 2369 bonorem
639 2325 685 2369 aut
694 2320 786 2382 magir-
857 2321 932 2384 Fato]
948 2322 1017 2374 Plin.
1027 2322 1046 2372 l.
1057 2334 1151 2372 xxrrr.·
1163 2322 1172 2351 ‘
1183 2322 1248 2371 Pars
1265 2319 1316 2369 alia
1326 2326 1356 2370 et

256 2401 352 2445 tratum
364 2407 552 2460 quemeumque
562 2395 710 2459 ingerebat:
721 2396 785 2444 item
825 2396 890 2446 lianc
901 2397 977 2459 pellit
988 2397 1102 2461 (nempe,
1117 2398 1189 2447 sortis
1198 2394 1357 2455 autfertum

254 2471 415 2521 vacationem
426 2487 442 2521 a
452 2472 544 2521 militia
562 2472 728 2534 aibi‚liberir,
740 2486 785 2521 ne·
824 2473 1023 2537 persuasionem*
1034 2481 1153 2538 astroque
1178 2486 1225 2522 suo
1247 2477 1356 2521 eventus

223 2545 234 2600 ,“
254 2545 379 2609 potibus?
418 2548 455 2597 Ut
476 2547 615 2596 rideantur
636 2547 699 2610 legia
727 2548 785 2611 ejus
826 2550 949 2613 assignat,
960 2556 988 2599 et
997 2550 1120 2599 irascendi
1137 2550 1246 2613 legibus,
1264 2549 1356 2616 semel7

253 2623 345 2675 Pediae
355 2625 476 2688 exemplo
486 2624 607 2674 instituta
623 2624 732 2689 praemia
742 2638 785 2675 ac-
824 2635 875 2690 q'ue
895 2627 922 2675 in
943 2640 1032 2675 omnes
1052 2625 1157 2675 fututor
1172 2638 1286 2689 unquam
1298 2625 1356 2673 Deo

254 2703 413 2750 curatorum.
824 2701 977 2750 decretum:
994 2702 1021 2749 iu
1041 2701 1168 2765 reliquum
1190 2714 1252 2749 vero
1273 2699 1356 2749 otium

257 2798 261 2804 ·
286 2773 345 2822 hit
354 2772 424 2821 surb
433 2774 615 2837 odalotioriius]
627 2774 785 2839 Plerumque
825 2777 925 2828 datum.
950 2777 1049 2826 Sedere
1059 2776 1140 2839 coepit
1150 2773 1280 2824 sententia
1290 2774 1357 2835 bue,

254 2848 333 2911 enim,
344 2859 404 2898 eum
412 2848 466 2911 alii,
476 2854 507 2897 ut
516 2849 616 2899 crudeli
624 2850 735 2914 principi
746 2865 786 2899 us·
825 2853 974 2916 pariterque
983 2858 1011 2900 et
1019 2852 1149 2901 eruditum
1157 2851 1249 2915 uulgus
1257 2856 1285 2900 et
1292 2849 1357 2901 rude

254 2929 428 2986 tentarentur,
447 2924 548 2974 atrocia
561 2931 595 2973 et
616 2937 685 2975 aava
698 2938 787 2975 censa·
825 2930 852 2979 iu
863 2944 920 2979 eam
931 2942 1008 2977 cursu
1019 2927 1108 2976 vadit!

255 3005 324 3063 rent,
342 2998 555 3063 iprehumaniore
573 3000 703 3051 sententia
720 3001 787 3065 rigo·
857 3004 1018 3069 hliceretque]
1032 3005 1125 3054 Seuer.
1137 3002 1214 3067 epirt.
1229 3006 1269 3053 14.
1291 3000 1357 3062 ‘Sa

254 3079 310 3126 tem
330 3074 495 3125 decretorum
520 3075 687 3139 temperavit,
708 3075 786 3141 idque
825 3084 899 3147 piene
911 3080 1359 3148 nunquampotentiumiraaproro·

256 3151 303 3204 tali
313 3149 498 3212 moderatione,
507 3156 537 3200 ut
548 3150 623 3199 simul
635 3157 666 3200 et
674 3151 786 3201 auctori·
826 3157 912 3208 rabit:
935 3157 1012 3208 immo
1032 3155 1183 3218 declinabit,
1206 3170 1260 3205 non
1283 3155 1360 3205 aliter

256 3226 406 3291 tate'apud
431 3225 565 3276 Tiberium
591 3226 711 3289 polleret,
735 3242 786 3278 nce
826 3235 938 3299 quamin
951 3232 1098 3297 navigando
1108 3233 1259 3296 procellam.
1292 3232 1359 3281 Cum

257 3310 345 3353 tamen
361 3315 424 3354 euru
440 3301 519 3354 nimia
536 3301 660 3352 libertate
674 3300 787 3360 offende-
827 3317 933 3375 peteres
954 3309 1077 3371 Siciliam,
1096 3308 1224 3372 trajecisti
1239 3307 1358 3368 fretum

258 3386 308 3431 ret·
554 3379 557 3384 ⁴
828 3386 979 3435 temerarius
986 3385 1361 3449 guberuatorcoutemnituur·

289 3454 524 3519 ⁸Irsmelirrsfleosit]
557 3454 788 3508 Nonvultauctor
829 3462 963 3512 trinium.
995 3461 1045 3510 Ille
1056 3460 1359 3525 atenimquisiculum

256 3541 292 3583 ax
300 3530 489 3581 adulatimibus
499 3531 606 3580 aliorum
614 3530 686 3581 illum
694 3533 790 3598 aliquid
828 3539 936 3602 pelagus
948 3543 1094 3600 exasperet,
1103 3543 1132 3586 et
1142 3535 1253 3585 vertices
1270 3542 1358 3599 cogat.

257 3606 404 3659 efformatae
414 3605 569 3668 leonidem,
575 3606 648 3656 verbi
656 3608 789 3672 gratim
800 3647 803 3652 ·
830 3616 891 3665 Non
902 3615 1033 3663 sinistrum
1044 3613 1112 3675 petit
1122 3613 1204 3672 littus,
1213 3612 1258 3660 sed
1268 3610 1296 3660 id
1306 3626 1360 3675 quo

255 3686 331 3737 malie
341 3683 455 3734 moribus
464 3682 541 3732 bonae
551 3684 622 3747 leger
632 3686 693 3735 latre
701 3685 791 3735 dieun-
830 3677 1099 3753 propior-Charybdis
1119 3686 1202 3737 maria
1223 3686 1362 3736 convolvit.

257 3775 315 3827 tur;v
327 3764 380 3814 »sed
397 3762 455 3812 illas
473 3761 544 3825 ipsas
560 3762 720 3814 adulationes
730 3779 790 3815 enm
830 3764 868 3816 At
878 3763 1268 3827 illeeautior,peritoslocornm
1275 3767 1361 3825 rogat,

258 3840 401 3905 prudenter
411 3836 532 3899 fregisse,
541 3845 621 3901 atque
636 3839 682 3888 ubi
698 3841 790 3889 erade·
831 3842 875 3905 qui
887 3848 966 3891 astus
976 3840 1019 3902 sit,
1028 3854 1086 3906 qua
1106 3838 1177 3903 signa
1196 3838 1259 3885 dent
1269 3836 1363 3896 ιιιιΙια,

259 3920 297 3967 leo
313 3914 461 3975 sententio,
475 3914 508 3963 ab
530 3914 675 3964 bominibus
698 3915 792 3978 princi·
830 3923 858 3967 et
876 3918 952 3982 longe
970 3916 1004 3967 ab
1026 3916 1071 3965 illa
1087 3914 1201 3976 regione,
1216 3910 1363 3962 verticibuu

203 4025 207 4030 -
260 4005 320 4057 penu
338 3990 517 4054 satsejrnom
529 3989 704 4054 mumdum,
719 3990 790 4041 dice·
829 3992 927 4055 intumi,
948 4006 1052 4043 currum
1077 3991 1161 4040 tenet.
1192 3987 1271 4038 Idem
1295 3984 1361 4036 tacit

258 4077 414 4130 reatuum
423 4065 565 4131 mitigare.
581 4067 693 4118 Ferrarii.
829 4068 948 4133 sapiens:
964 4066 1110 4117 nocituram
1123 4063 1268 4128 petendam
1279 4062 1361 4122 vitat
1422 4069 1427 4074 “

291 4141 614 4204 ιι·ἰιιιιιιιιιιιιιιιιιιιιιι]
640 4142 719 4195 Unde
727 4143 790 4194 mitri
828 4143 1000 4209 hoepriuun
1016 4135 1363 4208 euvenunertrarevidea·

261 4217 389 4280 dummoc
401 4216 752 4287 criminantiumque
762 4227 791 4274 et
829 4221 889 4280 tur:
