3075 4917
185 405 322 473 acac]
546 402 754 455 sanamus
778 405 852 455 nrn.
875 405 935 455 vr,
1224 392 1292 463 9oe
1377 373 1380 380 ’

186 565 256 613 rem
291 546 525 612 Seleucensem
560 549 687 633 popolo
726 550 895 633 permittit.
963 546 1060 628 Mox,
1088 552 1290 636 consultans,

185 651 199 690 ¹
215 667 362 731 quonam
377 649 433 712 die
448 651 598 714 solennia
619 650 729 732 Regni
753 650 964 735 capesseret,’
985 652 1100 717 literas
1114 652 1308 719 Phrahatis-

185 757 220 814 et
235 750 403 829 Hieronis,
419 753 475 835 qui
490 752 718 817 validissimas
743 752 959 835 praefecturas
982 754 1193 832 obtinebant,
1203 757 1292 821 acci·

185 852 248 936 pit,
265 854 418 917 ‘brevem
434 851 570 917 moram'
595 854 816 935 precantium.
861 852 1130 938 Placitumque‚‘
1145 856 1291 944 opperiri

185 953 277 1016 viros
299 951 561 1036 praepollentes?
583 959 683 1036 atque
708 955 838 1017 interim
854 953 1046 1038 Ctesiphon,
1063 956 1160 1020 sedes
1186 959 1291 1041 impe·

184 1048 256 1131 rii,k
276 1056 400 1137 petita:
422 1055 494 1133 sed,
508 1055 568 1119 ubi
582 1054 669 1119 diem
683 1075 727 1120 ex
742 1055 797 1132 die
810 1057 1026 1138 prolatabant,
1041 1060 1154 1124 multia
1178 1078 1288 1124 coram

183 1160 217 1219 et
241 1157 518 1239 approbantibus
545 1156 681 1234 Surena,
706 1158 817 1240 patrio
845 1154 955 1235 ruore,l
976 1158 1147 1224 Tiridaten
1168 1161 1289 1243 insign*

186 1254 294 1338 Regio
309 1258 449 1324 euinxit.

183 1438 271 1490 bilem.
289 1440 409 1489 liridatea
420 1440 503 1503 Remp.
515 1439 674 1492 mammea
681 1439 744 1502 plebi
759 1441 844 1489 tradit.
879 1441 946 1490 aaa
956 1440 1104 1500 deliberati,
1116 1455 1226 1506 quonam
1244 1441 1287 1493 die

184 1502 352 1567 inauguratus
363 1504 474 1567 insignia
490 1505 563 1566 regni
585 1505 713 1565 indueret,
728 1505 862 1567 afferuntur
872 1505 975 1568 epistole
986 1504 1118 1554 Phradatir
1128 1509 1152 1554 et
1164 1505 1288 1568 Hieronis,

167 1569 388 1631 estamplissima
397 1569 523 1630 Satrapiua
537 1569 666 1630 regetoutt
684 1569 763 1617 breve
781 1576 884 1632 tempus
901 1568 1048 1632 podrhtoat
1066 1570 1120 1632 ipsi.
1156 1572 1190 1618 Et
1197 1572 1288 1634 placarit
1378 1575 1381 1585 “

183 1640 325 1696 expectare
344 1633 412 1680 viros
425 1634 631 1695 potentissimos:
648 1638 719 1695 atque
735 1633 831 1681 interim
844 1635 1018 1697 Ctesiphontem
1028 1649 1105 1682 urcem
1123 1635 1288 1685 dominationis

180 1695 206 1745 ‘ee
216 1697 320 1754 cudat:
336 1699 377 1771 sed
394 1702 514 1758 maguum
524 1698 587 1745 diem
602 1712 633 1745 ex
652 1697 834 1771 distrahebant,
844 1713 922 1746 eorum
936 1698 1045 1773 plurimis
1056 1702 1079 1747 et
1096 1698 1285 1762 mentientibus,

181 1760 275 1810 Surena
288 1762 400 1810 Parthico
410 1764 461 1810 rita
472 1763 604 1811 Tiridatem
614 1776 682 1823 reguo
690 1763 823 1811 diademate
832 1762 961 1812 restitutori.

670 1914 788 1981 ¹utores

181 2027 241 2077 dum
258 2026 353 2077 asserit
364 2028 505 2077 Phraatem
516 2041 569 2076 strae
589 2028 712 2076 tecurita·
750 2026 843 2090 reges!
862 2026 974 2077 Plinius:
987 2026 1194 2093 ‘Ctesiphontem
1203 2029 1283 2093 justa
1303 2042 1307 2048 ·

181 2103 214 2156 tis
225 2118 311 2166 cansa,
321 2109 350 2152 et
361 2109 389 2152 nt
399 2109 487 2151 noster
494 2102 539 2162 ait,
546 2103 554 2129 ‘
561 2101 622 2151 fidei
630 2116 711 2165 popu·
750 2103 856 2152 tertium
869 2103 903 2153 ab
914 2118 946 2154 ea
955 2103 1071 2166 lapidem
1080 2104 1108 2152 in
1119 2104 1282 2155 chalonitide

180 2178 271 2228 larium
290 2177 419 2240 diffisrrm,'
441 2178 507 2227 filios
528 2193 586 2227 suos
609 2178 711 2228 obsides
751 2179 1282 2246 condidereParthi!Etconditoremejua

179 2254 299 2319 Angusto
308 2255 461 2305 tradidisse:
470 2255 712 2319 quodintelligeret‚
749 2256 896 2304 Vardanem
905 2270 993 2319 regern
1005 2254 1282 2308 facitAmm.l.x111r.

178 2331 217 2380 his
227 2332 330 2393 amotis,
338 2333 466 2379 neminem
474 2331 522 2379 sibi
530 2345 588 2379 esse
597 2338 711 2379 metueu-
785 2333 884 2382 Solinus
893 2338 935 2383 dh.
946 2335 954 2361 ‘
965 2333 992 2381 iu
1004 2334 1192 2384 emulationem
1214 2336 1284 2386 urbis

180 2406 254 2468 dum3
274 2406 335 2470 quia
358 2405 449 2454 Parthi
471 2404 653 2453 Arsacidarum
674 2406 711 2454 ita
748 2408 826 2472 hujus
840 2409 994 2474 (Babylonis
1006 2410 1113 2473 nempe)
1132 2412 1284 2476 Ctesiphon·

180 2488 295 2530 amantes
304 2489 400 2544 essent,
409 2487 439 2530 nt
447 2480 509 2530 alios
520 2496 593 2543 reges
603 2483 710 2532 nollent.
750 2490 804 2532 tem
816 2484 908 2534 Parthi
919 2485 1108 2535 condiderunt!

213 2557 274 2616 Non
284 2564 371 2605 autem
381 2556 444 2604 satis
457 2556 505 2604 sibi
516 2558 636 2619 cavisset,
650 2556 709 2605 filiis
785 2560 924 2625 Ctesiphon]
942 2561 1011 2609 Urbs
1030 2562 1197 2612 Chalonitidis
1214 2570 1282 2616 true·

178 2632 279 2694 amotis,
290 2632 311 2680 si
323 2645 370 2694 pro
381 2630 524 2692 Arsacidis,
534 2637 560 2679 et
569 2638 709 2696 propterea
749 2641 801 2697 tus,
809 2636 833 2683 in
843 2634 951 2701 Assyria
960 2637 1101 2699 provincia,
1109 2645 1138 2687 et
1146 2639 1179 2687 ad
1187 2639 1283 2702 Tigrim

177 2711 250 2774 regni
277 2710 426 2773 capacibus,
452 2707 599 2757 habuissent
629 2708 709 2758 etiam
749 2708 864 2761 fluvium.
892 2713 980 2761 Hodie
988 2709 1095 2776 Bugdet,
1105 2715 1165 2765 urbe
1174 2714 1283 2778 praefec-
1341 2733 1343 2737 ’

176 2786 281 2850 eos,qni
292 2787 394 2835 domum
404 2786 479 2834 istam
489 2791 608 2832 materno
615 2797 710 2844 genere
750 2792 816 2835 turae
828 2788 996 2851 cognominis,
1006 2789 1032 2837 in
1044 2790 1165 2840 Diachecie
1180 2793 1283 2855 provin·

178 2865 374 2928 contingerent:
392 2861 471 2911 facile
490 2862 557 2911 enim
573 2861 709 2910 intellectu
749 2861 792 2910 cia
813 2863 914 2926 imperii
934 2864 1038 2914 'lirrelci
1058 2867 1177 2918 Asiatici.
1213 2869 1282 2919 lille·

177 2948 228 3002 est,
239 2956 327 2991 corum
339 2948 393 2989 tam
405 2938 527 3002 plurimos
543 2938 568 2985 iu
579 2952 657 3000 reguo
669 2952 709 2986 re·
748 2938 849 2987 muniar.
1061 2937 1067 2945 ’

177 3017 312 3065 mansisse.
783 3010 899 3077 ¹Sareaa,
906 3016 985 3078 putria
997 3015 1071 3078 more]
1093 3017 1206 3066 Surenas
1216 3019 1280 3069 Par-

209 3092 324 3139 Mutema
333 3088 436 3151 origiue]
451 3088 501 3136 Vel
512 3087 539 3135 id
551 3086 649 3135 dictum
662 3100 710 3150 per
751 3088 853 3138 thorum
864 3105 920 3140 esse
936 3092 1102 3154 magistratus
1117 3107 1215 3156 magna
1227 3095 1281 3159 dig.

171 3172 335 3215 contemtum
345 3174 372 3214 et
383 3161 494 3224 ialso,ut
506 3165 557 3212 alia
568 3165 709 3226 mnltajac·
749 3168 839 3216 nitatis
856 3183 931 3217 uento
951 3169 1072 3231 ambigit;
1090 3170 1186 3233 quippe
1204 3172 1248 3234 qui
1264 3187 1280 3220 a

176 3253 267 3295 tantur
277 3246 302 3293 iu
321 3245 452 3307 principes
463 3242 574 3301 invisos3
592 3242 707 3305 quamvis
748 3256 810 3305 rege
822 3244 965 3305 proximum
977 3244 1062 3293 locum
1074 3249 1202 3295 tenerent.
1222 3244 1282 3295 Am·

177 3335 270 3371 revera
290 3327 359 3368 esset
378 3320 431 3381 ille,
442 3325 469 3365 et
480 3324 589 3380 paterna
609 3323 636 3366 et
655 3332 708 3365 ma·
748 3318 847 3368 mianus
858 3320 875 3368 1.
887 3331 965 3371 xxiv.
982 3320 1103 3368 ‘Surena
1113 3327 1174 3384 post
1192 3335 1281 3385 regern

175 3399 362 3461 ternaorigine
374 3395 521 3445 Arsacides.
747 3395 895 3455 promeritae
912 3395 1066 3459 dignitatis!
1099 3389 1134 3445 Et
1154 3397 1216 3446 alibi
1235 3412 1281 3447 vo·

207 3461 258 3523 'ver
269 3472 338 3523 forte
347 3472 426 3520 ctiam
436 3468 542 3533 imperio
552 3467 707 3518 Parthorum
748 3469 809 3518 cat‘
822 3470 955 3533 dignitatis
971 3470 1090 3520 secundas
1101 3478 1162 3536 post
1172 3473 1279 3536 regem?

175 3549 351 3600 succedebant
361 3550 478 3596 materno
497 3560 593 3609 genere
606 3544 707 3594 Arsaci·
783 3547 819 3595 Et
830 3561 844 3593 a
855 3547 952 3595 Surena
972 3553 1053 3609 capnt
1064 3547 1150 3596 Crassi
1168 3548 1200 3596 ad
1213 3548 1280 3599 Oro·

174 3625 232 3686 dae;
250 3639 283 3672 ne
295 3639 386 3685 nempe
397 3621 523 3670 deficeret
534 3635 596 3683 gens
608 3635 706 3669 summo
747 3626 807 3673 dem
819 3623 972 3672 Parthorum
994 3637 1083 3686 regem
1102 3624 1279 3674 transmissum

174 3700 282 3764 fastigio
293 3700 433 3759 destinata,
450 3698 488 3746 ita
507 3705 593 3745 tamen
616 3702 646 3745 nt
663 3698 705 3746 isti
746 3709 796 3764 est,
809 3716 884 3765 quem
903 3699 996 3750 Strabo
1008 3706 1084 3749 vocat
1095 3701 1277 3762 imperatorem

169 3780 250 3842 longe
262 3778 397 3827 nobilitate
409 3776 519 3837 impares
531 3781 706 3824 censerentur.
746 3778 910 3828 Parthorum.
943 3775 1064 3824 Aurelius.

207 3848 557 3914 acceptaaaedenmperii]
574 3848 612 3896 Ut
623 3849 706 3898 Hero·
779 3851 882 3914 Surena]
916 3852 966 3901 Qui
985 3849 1055 3903 forte
1073 3863 1167 3900 nonren
1188 3848 1277 3913 officii,

173 3930 265 3978 dianus
277 3930 328 3977 ait:
346 3930 354 3955 ‘
370 3928 413 3976 lbi
432 3933 489 3974 erat
507 3923 580 3987 regia
598 3924 706 3974 Partho·
746 3930 815 3995 quod
828 3936 914 3977 tamen
925 3935 1005 3976 certa
1025 3924 1131 3975 familias
1150 3940 1277 3976 annexum

169 4006 247 4063 mm?
280 4007 318 4054 Ea
340 4004 412 4065 urbs,
433 4004 491 4051 sive
513 4016 594 4065 pagus
613 4002 707 4063 potins,
745 4004 808 4067 suit,
829 4011 874 4052 aut
894 4009 967 4052 certe
987 4001 1190 4061 haereditarium,
1207 4000 1277 4054 forte

172 4085 276 4135 vicinas
295 4082 429 4132 Seleuciae.
461 4079 572 4128 Strabo:
589 4076 597 4104 ‘
617 4079 706 4141 Prope
746 4083 785 4131 sic
798 4079 959 4130 concedente
976 4093 1047 4143 rege.
1080 4079 1123 4127 De
1134 4092 1165 4132 eo
1176 4078 1213 4129 aio
1223 4078 1277 4146 Ap.

170 4159 298 4209 astricus
314 4172 422 4221 magnus
440 4154 484 4219 qui
503 4159 610 4203 uocatur
622 4153 706 4202 Ctesi·
746 4158 857 4221 planus:

172 4227 705 4302 phou,ibihyemeaagebaml’artnorum
759 4236 785 4298 .‘
807 4232 899 4297 Neque
908 4228 1009 4280 Surena
1027 4244 1060 4279 ex
1079 4230 1156 4297 vulgo
1167 4233 1275 4299 popula·
