3075 4917
144 376 147 382 ’
198 392 338 460 ιω]
546 387 753 438 susubium
780 389 855 437 nro.
878 389 934 438 xi.
1222 372 1310 438 1125

174 603 181 610 ,
200 559 289 618 sum,
307 544 340 603 et
352 537 550 621 Pompeium
565 533 742 613 Urbicum,
757 553 798 598 ac
814 531 997 598 Saufellum
1009 529 1155 616 Trogum
1168 551 1213 598 ex
1233 551 1311 597 con·

200 641 282 705 sciis
308 640 418 704 ‘trahi
434 638 478 702 ad
493 635 709 721 supplicium’
729 636 836 719 jubet.
881 635 1006 700 Decius
1021 654 1156 719 quoque
1169 633 1310 717 Calpur·

197 743 330 820 nianus,
347 742 483 825 vigilum
499 740 712 815 erueremur
732 738 904 822 Sulpicius
917 736 1045 815 liuns,
1059 737 1130 802 ludi
1145 738 1309 802 Procura-

197 846 277 920 tor,⁸
287 843 310 908 J
313 863 415 908 uncus
427 842 643 923 virgilianus,
660 841 812 915 Senator,
828 839 946 904 eadem
959 858 1064 923 poena
1079 839 1199 905 affecti.
1274 894 1276 898 ,

241 945 297 1011 36.
312 941 421 1008 'Solus
437 941 599 1026 Mnesterb
618 943 867 1008 cunctationem
880 941 1000 1019 attulit,
1016 941 1176 1016 dilaniato
1189 944 1309 1019 veste,e

198 1119 248 1167 mul
258 1122 281 1165 et
291 1118 405 1166 indiciam
415 1116 556 1181 prirsessum,
567 1120 590 1165 et
604 1115 741 1179 Pompeium
756 1114 877 1173 Urbicum,
887 1129 914 1162 nc
925 1112 1055 1173 dussellum
1067 1111 1177 1173 nomm,
1192 1110 1232 1172 qui
1247 1109 1312 1159 ister

195 1183 335 1245 participes,
346 1179 472 1245 etflogitii
531 1196 579 1230 ser.
612 1181 702 1230 Decius
712 1181 785 1229 etiam
798 1179 979 1242 Coipmuiosm,
988 1178 1030 1239 qui
1045 1176 1145 1239 uigilum
1161 1175 1310 1225 cohortibus

198 1252 311 1323 praestat,
321 1246 444 1323 Sulpicius
455 1247 495 1295 Re
536 1246 595 1309 ,qui
606 1247 685 1294 ladam
696 1245 803 1308 mrobat,
813 1245 905 1293 Jurrcus
918 1243 1087 1304 Virgiliuause
1100 1240 1310 1299 pernumerem
1348 1244 1353 1252 '

187 1384 190 1389 ·
202 1313 419 1425 mmm&
429 1319 519 1424 wrm
530 1374 622 1437 iniecit,
633 1375 735 1423 laceram
746 1372 849 1435 tegmine
859 1372 1001 1435 exclamem,
1017 1370 1164 1419 intueretur
1170 1369 1309 1438 plagarum

700 1511 807 1561 NOTAE

199 1632 251 1676 tem
263 1640 335 1675 suam
346 1627 491 1690 pertinent,
502 1627 523 1676 si
535 1625 700 1691 intelligunt?
774 1626 860 1687 libito,
869 1631 915 1675 aut
928 1626 1085 1675 necessitate
1097 1639 1193 1674 rernm.

231 1702 290 1752 Nisi
301 1702 322 1750 si
333 1701 403 1752 forte
412 1704 521 1752 Vectins
538 1709 567 1752 et
584 1703 626 1752 alii
638 1704 734 1752 similes
806 1702 818 1737 ὓ
835 1704 906 1754 Solus
917 1703 1037 1766 Mnester]
1054 1704 1095 1751 De
1107 1716 1158 1766 quo
1170 1701 1224 1751 Dio
1234 1701 1252 1750 l.
1264 1714 1310 1752 ax.

194 1779 251 1843 jam
273 1780 385 1841 divitias,
407 1794 480 1843 oper,
502 1786 531 1829 et
551 1780 662 1829 bonores
686 1779 736 1828 bac
779 1780 861 1830 ‘Hoc
873 1781 952 1830 etism
964 1782 1098 1829 molestum
1110 1784 1176 1842 erat,
1186 1778 1256 1842 quod
1267 1792 1310 1828 es·

198 1863 255 1908 arte
274 1857 435 1922 quaerebant,
452 1858 595 1921 praesertim
607 1857 634 1905 in
653 1858 746 1906 aula..
778 1857 838 1907 dem
850 1856 1312 1920 Messallina,uonsineomniumtlo·
1369 1875 1373 1884 “

235 1942 246 1967 ²
259 1934 365 1995 Vigilum
373 1933 519 1996 Praefectus]
531 1936 614 1982 Erant
626 1941 738 1997 quatuor
777 1934 843 1996 lore,
854 1931 990 1983 detinebat
1005 1934 1175 1994 Mnesterem,
1195 1932 1311 1981 abstrac-

201 2008 325 2074 prefecti
336 2025 442 2060 summae
453 2011 617 2060 auctoritatis
628 2010 654 2058 in
663 2009 737 2059 Urbe
778 2015 833 2058 turn
851 2024 866 2057 a
886 2010 1005 2069 theatr03
1023 2016 1051 2058 et
1066 2009 1178 2073 quoties,
1194 2023 1241 2060 cur
1258 2021 1311 2064 nott

202 2088 309 2137 staula.
343 2086 476 2147 Profectus
492 2086 612 2150 praeto'rii,
631 2086 675 2149 qui
693 2085 737 2133 de·
778 2086 895 2148 saltaret,
905 2075 1184 2148 mentionenipopulns
1200 2082 1311 2147 faceret,

197 2163 577 2226 oemproetorianiscobortibus
583 2163 736 2227 imperabat·
779 2167 807 2210 et
819 2159 926 2210 Claudio
937 2159 964 2208 id
974 2160 1067 2209 mirum
1078 2159 1220 2220 videretur,
1232 2172 1311 2223 seque

196 2237 331 2295 Praefectus
354 2238 429 2299 urbis,
446 2239 492 2303 qui
513 2239 619 2288 urbanis
641 2238 736 2287 cobor·
776 2250 902 2285 excusans
920 2236 989 2288 iuter
1006 2234 1057 2284 alie
1071 2234 1181 2299 juraret,
1197 2243 1311 2284 eumbe-

197 2312 280 2373 tibos3
300 2312 500 2378 continebatque
519 2314 683 2363 turbulentos
701 2313 736 2361 ci·
777 2324 838 2360 cum
859 2325 911 2359 nou
933 2325 998 2360 esse.
1039 2310 1144 2360 Etenim
1170 2309 1310 2360 credentes

196 2403 253 2450 res,
273 2403 304 2438 ac
325 2389 463 2454 mancipia,
480 2390 577 2454 jusque
598 2388 735 2438 reddebat·
780 2401 852 2446 vere,
871 2401 1000 2451 eumquae
1013 2386 1107 2437 tierent
1122 2386 1250 2450 ignorare,
1267 2387 1313 2437 do·
1387 2391 1393 2394 ”

196 2463 329 2523 erasnm
346 2480 453 2527 annom,
472 2466 517 2531 qui
540 2480 629 2514 curam
641 2466 733 2516 babuit
780 2465 879 2526 lebant,
889 2466 971 2514 solum
989 2465 1074 2527 ipsum
1085 2463 1197 2525 nescire,
1208 2463 1271 2527 quid
1283 2464 1311 2513 iu

195 2535 321 2589 frumenti
341 2542 437 2603 populo
455 2541 608 2601 dividendi3
629 2548 658 2591 et
673 2557 734 2605 pre·
777 2541 850 2604 regia
869 2556 954 2591 rerum
971 2547 1101 2605 ageretur,
1111 2555 1170 2589 curn
1188 2539 1311 2605 pleraque

190 2611 272 2676 fertus
282 2615 390 2678 uigilum
400 2618 445 2681 qui
460 2619 595 2668 nocturnis
606 2617 733 2667 custodiis
769 2617 826 2680 jam
837 2618 954 2668 hostibus
963 2619 1040 2668 etiam
1052 2618 1236 2667 innotuissent.
1268 2615 1312 2667 In·

196 2697 317 2755 praerat,
328 2699 400 2742 metu
411 2694 598 2756 incendiorum,
610 2710 668 2759 quse
681 2693 733 2743 Ro·
775 2693 863 2743 dicare
873 2701 959 2745 tauren
967 2710 997 2745 ea
1007 2694 1141 2757 nolebant,
1153 2693 1311 2746 verecundis

196 2780 246 2817 mae
266 2764 422 2831 frequentis.
456 2768 630 2818 Praetoriaae
643 2770 734 2819 cobor-
775 2770 947 2835 Messallinm,
956 2778 984 2821 et
1003 2771 1134 2822 Mnesteri
1153 2778 1309 2836 parcentes:

195 2848 238 2895 tes
256 2844 346 2894 decem
366 2845 464 2906 millia,
492 2852 590 2895 ceteras
613 2843 735 2896 'cobortes
774 2845 820 2909 qui
832 2861 883 2895 nou
891 2847 973 2897 minus
981 2849 1087 2912 populo,
1100 2853 1207 2912 propter
1218 2852 1311 2910 artem,

197 2918 305 2978 urbana
317 2936 364 2970 sex
375 2921 455 2971 millia
465 2931 622 2972 armatorum
637 2923 734 2974 babue-
774 2934 850 2984 qnam
870 2919 961 2971 formae
983 2937 1069 2983 causa,
1091 2921 1203 2972 fmmiuae
1221 2929 1310 2985 gratus

197 3004 268 3059 runt,
280 3004 347 3047 teste
358 2998 452 3048 Dione.
774 3003 840 3045 erat.
873 2998 937 3048 Tam
948 2998 1067 3062 egregius
1078 3012 1140 3046 vero
1151 2996 1250 3046 artifex
1261 2997 1311 3046 sal·

232 3071 339 3135 Vtgttus
356 3072 493 3138 profectus]
521 3075 648 3125 Colrortes
670 3074 734 3139 vigi·
774 3071 845 3124 tundi
856 3079 959 3135 erat‚ut
970 3088 1029 3123 oum
1039 3074 1071 3125 ab
1082 3088 1112 3124 eo
1119 3074 1231 3138 populus
1241 3089 1311 3139 mag·

196 3150 249 3200 lum
261 3156 363 3214 septem
378 3152 469 3201 Romae
481 3149 514 3201 ab
525 3150 643 3212 Augusto
661 3150 733 3201 iusti·
774 3162 807 3196 uo
828 3148 914 3198 studio
932 3151 1111 3214 contenderet,
1131 3157 1161 3200 nt
1182 3149 1310 3215 quandam

196 3231 273 3288 tutae,
284 3227 328 3291 qui
346 3226 488 3278 remedium
505 3226 629 3278 adversus
646 3226 733 3276 incen·
774 3221 1073 3290 fabulam'praestautem
1092 3233 1192 3294 ageret,
1204 3242 1219 3277 e
1231 3241 1310 3285 scena

196 3300 389 3367 truquestein
406 3303 473 3353 bunc
489 3302 598 3351 militem
610 3316 644 3351 ex
655 3301 733 3351 libcr-
774 3305 949 3366 prospexerit,
960 3303 1108 3369 dixeritque
1126 3317 1177 3352 nou
1195 3301 1270 3368 pos'se
1282 3316 1310 3358 se

196 3377 259 3428 tluis
269 3379 388 3441 collegit,
399 3380 444 3443 qui
461 3385 548 3429 tamen
559 3377 696 3428 distributi
707 3378 733 3428 iu
774 3376 800 3428 td
811 3375 909 3441 facere,
917 3377 985 3445 quod
997 3394 1057 3430 cum
1069 3379 1166 3430 Oreste
1179 3375 1310 3431 concdbu·

196 3453 391 3520 cohortemque
403 3453 521 3505 tribunos
530 3460 558 3504 et
566 3453 734 3504 centuriones
773 3453 856 3504 isset?

199 3528 325 3580 habuere.
806 3532 842 3580 Et
853 3545 938 3595 supra,
949 3530 992 3581 ubi
1008 3531 1042 3582 de
1054 3531 1157 3584 Claudii
1167 3529 1309 3598 Triumpho

229 3604 318 3655 Etbic
329 3604 402 3654 miles
419 3610 497 3668 aptus
514 3604 601 3669 potius
617 3603 733 3655 minime.
773 3605 938 3670 Britannico,
955 3609 991 3658 sic
1009 3609 1063 3659 Dio
1074 3609 1092 3658 l.
1102 3621 1149 3660 nx.
1166 3608 1246 3660 ‘Caii
1256 3621 1310 3658 rue-

197 3679 248 3743 rio,
258 3696 335 3745 quarn
347 3681 433 3730 bello:
451 3686 567 3729 attamen
577 3681 616 3730 bls
625 3680 733 3730 uteban·
772 3684 880 3732 moriam
898 3682 1045 3745 horrentes,
1058 3699 1134 3733 omue
1151 3697 1246 3733 aereum
1262 3671 1310 3734 nu·

196 3754 325 3830 turbellis
336 3755 463 3815 civilibus,
473 3757 606 3820 praecipue
617 3755 686 3805 intra
696 3757 731 3806 ci·
772 3759 871 3819 misma,
882 3759 950 3824 quod
963 3758 1019 3823 ejus
1031 3760 1170 3824 imaginem
1187 3758 1307 3823 haberet,

196 3832 315 3886 ritatem.
346 3889 348 3892 ,
770 3833 877 3886 conflari
884 3836 1037 3900 jusserunt3
1056 3836 1126 3902 quod
1137 3834 1241 3901 quidem
1252 3833 1310 3887 fac·

229 3909 317 3959 alardi
325 3907 484 3971 Procurator]
500 3909 561 3959 Nou
569 3908 685 3960 idmatrus
692 3924 732 3958 or·
773 3916 830 3963 tum
840 3919 897 3962 est:
915 3926 967 3961 uon
985 3918 1074 3962 tamen
1091 3927 1126 3962 ars
1139 3912 1166 3961 iu
1176 3912 1311 3974 meliorem

196 3984 324 4035 dinarium
345 3984 406 4049 fnit,
423 3992 454 4035 ut
476 3991 592 4047 vertunt,
613 3984 659 4034 sed
679 3983 734 4035 offi·
774 4003 846 4038 usum
860 4003 1022 4052 conversum,
1043 3988 1311 4054 qaiaMcssallinuex

195 4060 274 4124 cium,
293 4075 340 4112 seu
359 4075 427 4124 cura,
448 4074 525 4125 qaam
544 4060 635 4110 Caesar
652 4059 735 4109 amico
774 4077 806 4114 eo
817 4064 956 4116 Mnesteris
970 4064 1104 4114 histrionis
1114 4071 1215 4116 statuas
1226 4063 1308 4118 fecitt

197 4134 309 4201 cuipiam
327 4135 513 4200 demandabat,
531 4142 561 4185 et
580 4142 683 4188 tantum
700 4135 735 4187 ad
774 4139 843 4192 banc
863 4143 889 4191 ei
909 4154 963 4191 suae
983 4140 1178 4194 consuetudinis
1199 4143 1309 4210 qratiam

193 4207 249 4262 dies
260 4210 388 4279 quosdam
402 4218 432 4262 et
454 4217 532 4263 extra
547 4210 676 4280 ordinem,
685 4226 734 4280 pto
773 4214 900 4284 referens,
916 4215 977 4285 quia
995 4216 1018 4268 is
1039 4223 1100 4269 aute
1120 4218 1186 4272 caio
1204 4233 1307 4292 quoque
