3075 4917
186 418 338 489 timaee
553 414 759 471 iuuentuti
784 420 859 472 nra.
877 422 934 472 ιν.
1131 394 1138 403 ’
1225 399 1300 475 U

187 568 364 636 riottrnse'·
371 568 490 634 cudere
500 568 521 633 ε·
543 588 611 652 quo
634 569 829 635 intendisset
844 569 974 648 oeulos,
988 580 1057 652 que
1071 556 1294 636 renuisset·

182 669 314 750 'deceat
327 670 611 754 lugiutvustitns:i
633 672 743 736 deseri
765 673 895 750 itinere,
919 671 1008 736 fura:
1030 676 1063 735 et
1084 664 1221 755 quidum
1242 692 1295 738 re·

188 774 431 856 gredtobntnr,
445 775 721 857 ostentabantque
735 793 773 837 se
789 792 931 850 rursum,
945 771 1107 855 idipsum
1123 778 1295 855 parentes,

190 875 282 957 quod
296 876 505 940 timuissent.¹
549 874 681 954 ‘Quem
706 878 793 940 enim
819 874 921 938 diem·
934 892 1077 938 vacnum
1097 892 1212 957 poenu,
1235 875 1295 940 ubi

190 978 275 1041 nter
288 994 386 1040 sacra
400 980 433 1039 et
444 975 546 1054 rota,⁸
558 997 626 1060 qno
646 984 795 1060 tempore
819 977 930 1041 verbis
944 976 1043 1039 etium
1064 960 1214 1059 profanis
1236 975 1296 1040 eb·

188 1169 299 1235 solim
308 1170 393 1232 mulce,
408 1186 529 1235 quernus
538 1171 789 1236 mmmmm·
797 1172 917 1248 nitiade:
927 1170 1119 1237 relinquebantur
1128 1171 1185 1236 ule,
1193 1172 1298 1236 ,idue

188 1239 212 1295 ct
223 1236 329 1284 mnus
349 1237 532 1300 reserebantur,
542 1238 672 1302 iterumque
682 1252 707 1286 se
719 1237 871 1298 exhibebunt,
882 1238 985 1299 mptum
1000 1241 1138 1297 sumes,
1152 1238 1213 1300 qaod
1223 1251 1297 1301 eupu-

188 1298 285 1348 eireertt.
318 1299 402 1351 Quem
414 1302 481 1350 enim
492 1302 561 1350 diem
571 1308 716 1351 cessantem
728 1316 744 1350 a
754 1300 893 1365 supplicio,
905 1301 1044 1349 cnminter
1055 1299 1185 1349 sacrificia
1197 1308 1225 1351 et
1235 1312 1296 1366 sup·

188 1363 353 1429 plicationes,
362 1380 414 1430 qua
425 1370 580 1429 tempestate
592 1365 678 1415 serbis
694 1366 773 1415 etiam
783 1379 872 1430 parum
884 1364 1010 1428 religiosis
1021 1365 1162 1429 temperari
1173 1379 1229 1416 ures
1240 1364 1297 1421 ise·

692 1511 800 1562 NOTAE

190 1610 234 1654 tur
249 1619 301 1654 neu
320 1611 381 1671 apte
400 1605 508 1670 dimisit,
524 1620 600 1672 quam
619 1607 723 1670 sangrris
762 1607 830 1656 male
841 1605 890 1656 sihi
906 1606 1017 1656 consciae
1036 1606 1140 1668 mentis,
1155 1612 1235 1670 atque
1250 1618 1297 1657 ex-

189 1680 218 1729 iu
228 1694 305 1731 aures
323 1688 351 1732 et
366 1685 456 1732 oculos
474 1683 634 1733 redundaret
641 1682 657 1732 ι’
677 1683 723 1733 ubi
762 1681 824 1731 iude
834 1681 883 1730 sihi
895 1681 1038 1744 perieulum
1050 1680 1119 1731 forte
1129 1683 1211 1731 creari
1220 1697 1297 1745 posse

190 1759 219 1804 et
229 1755 280 1805 aliu
291 1757 410 1821 quedem
422 1759 575 1809 notavimus.
595 1760 705 1810 Frelrslt.
762 1757 813 1807 sibi
823 1756 1023 1821 persuadebant.

195 1882 199 1885 ,
222 1839 234 1864 ·
255 1832 380 1898 Victima]
410 1836 651 1887 Sicinnuebatnou
664 1836 721 1901 jam
795 1832 1054 1895 warmundum]
1086 1833 1146 1883 Non
1164 1834 1298 1897 sentinare

189 1922 263 1958 more
274 1911 361 1972 petrin
376 1911 436 1961 Diis
447 1911 642 1975 immolari,pro
652 1912 722 1962 felici
761 1910 850 1960 Sabini
861 1910 951 1972 rerba,
966 1910 1013 1959 sed
1025 1909 1198 1974 cogitationes
1215 1911 1296 1961 humb

189 1997 278 2034 rerum
291 1986 419 2050 auspicio,
437 1988 483 2036 sed
500 1988 595 2051 Sejaao
605 1988 723 2037 &umas
761 2001 838 2036 num:
866 1987 930 2036 licet
951 1987 1079 2050 plerique,
1100 1999 1149 2035 nee
1169 2001 1222 2036 uon
1238 1987 1296 2051 ipse

189 2060 273 2111 cardi:
284 2076 342 2121 ,uon
361 2062 442 2113 bores
464 2070 510 2112 ant
528 2076 635 2128 pecora,
654 2065 722 2114 sicut
762 2064 875 2126 Lipsius,
883 2069 975 2112 contra
984 2063 1141 2127 putaverint.
1151 2063 1204 2113 Sed
1213 2064 1296 2128 primo

189 2136 251 2185 Diu
272 2137 385 2202 solitum,
404 2135 450 2188 sed
476 2138 547 2189 cives
569 2139 722 2204 equitesque
762 2140 785 2186 si
796 2139 833 2188 sic
843 2136 1032 2201 essetTaeitus
1044 2139 1131 2188 Sabini
1142 2139 1295 2203 verba,tam

192 2211 268 2263 Rem.
339 2246 341 2253 ι
456 2238 459 2244 ¹
761 2215 910 2279 importune
918 2215 1065 2278 parenthesi
1073 2230 1125 2263 nou
1134 2215 1295 2279 diremissett

223 2290 401 2354 vamle]
432 2289 560 2359 intanta
577 2289 723 2343 delatorum
761 2290 969 2355 deindenoueat
987 2297 1199 2351 comeutauenm,
1215 2290 1297 2359 boui·

190 2363 323 2428 pravitate
343 2365 451 2430 quilibet
469 2365 519 2417 sibi
539 2367 681 2427 metuebat,
691 2383 723 2417 ne
762 2382 823 2417 nem
834 2382 866 2417 eo
877 2367 966 2417 habitu
984 2381 1034 2431 quo
1049 2366 1159 2417 Sabinus
1171 2366 1296 2416 describi·

190 2439 214 2488 si
224 2439 267 2488 vel
276 2453 334 2489 eum
344 2441 498 2503 intueretur,
506 2443 548 2491 vel
556 2443 725 2506 auscultaret,
763 2449 817 2503 tur,
828 2449 930 2492 tantum
943 2442 1080 2492 verborum
1092 2441 1203 2493 fundere
1220 2449 1296 2506 potu·

192 2529 241 2578 pro
249 2515 378 2578 complice
389 2523 434 2565 aut
451 2515 552 2568 fautore
563 2517 630 2581 ejus,
641 2517 724 2568 inimi·
762 2518 821 2567 isse.
840 2517 949 2569 Freinsl.

191 2604 277 2655 cuque
298 2591 410 2641 corun
431 2592 623 2656 corriperetur3
651 2600 724 2646 tanto
798 2592 1029 2655 Qumaindiesr]
1050 2594 1091 2642 Ex
1104 2591 1216 2656 eoquod
1224 2591 1296 2644 ride·

191 2678 299 2731 prore,
307 2673 338 2717 nt
348 2668 442 2731 passim
453 2666 510 2717 fora
521 2674 548 2717 et
556 2668 661 2732 itinera,
670 2671 724 2734 qui-
763 2677 823 2720 rent
830 2671 946 2720 homiues
954 2678 1007 2720 tam
1015 2684 1112 2720 smvum
1119 2671 1296 2734 spectaculum

191 2743 242 2792 bns
269 2756 329 2793 reus
355 2743 508 2805 ducebatur,
531 2744 723 2809 desererentur,
764 2753 791 2795 et
801 2744 868 2797 festo
878 2746 930 2809 die,
940 2761 974 2795 er
990 2760 1023 2797 eo
1034 2745 1104 2811 quod
1121 2753 1149 2796 et
1161 2744 1210 2796 sibi
1221 2746 1296 2797 time·

191 2818 394 2884 mtimtemqne
418 2828 446 2869 et
467 2820 631 2871 solitudinem
653 2823 723 2873 exhi·
762 2830 823 2873 rent
838 2837 871 2872 ex
889 2828 941 2872 tarn
961 2836 1085 2886 perverso
1104 2823 1234 2886 exemplo,
1244 2823 1296 2872 orti

191 2894 295 2945 herent.
762 2895 801 2944 ilii
820 2911 952 2946 sermones
971 2898 1156 2961 spectantium,
1175 2904 1221 2947 aut
1239 2896 1296 2948 ticti

223 2977 235 3012 t
253 2971 333 3033 Facu,
350 2971 464 3035 wudu]
480 2972 578 3033 Auctor
594 2972 657 3024 vitu
673 2974 723 3023 hn-
762 2985 796 3021 ax
815 2972 918 3035 ingenio
936 2973 1006 3034 vulgi
1026 2974 1052 3022 iu
1073 2973 1187 3023 historie
1208 2973 1297 3035 dmm,

190 3047 267 3097 caui:
285 3047 376 3097 ‘Adeo
387 3053 418 3099 ut
435 3049 563 3113 quendam
581 3049 607 3098 in
620 3042 724 3100 latrinis
764 3065 822 3114 que
841 3048 951 3100 affectus
970 3049 1117 3099 mortalium
1135 3051 1190 3099 sola
1208 3051 1241 3100 ad
1252 3065 1296 3102 re·

190 3121 304 3187 publicis
338 3122 448 3173 clariore
480 3122 593 3188 strepitu
624 3126 724 3175 ventris
763 3141 822 3177 rum
832 3125 965 3189 exprimit.

186 3213 206 3251 e
234 3186 246 3211 '¹
286 3232 295 3261 ,
321 3197 508 3249 hemistichium
536 3200 723 3263 Neronianum,
795 3204 867 3252 ‘Ubi
877 3204 940 3252 ister
949 3200 1127 3263 murum]
1144 3201 1215 3263 Nihil
1225 3202 1296 3252 esim

190 3213 305 3339 ma
323 3288 502 3327 coaresseruru
519 3274 590 3338 luga,
612 3291 724 3340 proauu-
763 3281 838 3331 triete
851 3278 1296 3344 publicepuuatimqaeprimoillo
1357 3293 1363 3299 ·

190 3344 349 3399 dauri-Sub
361 3349 437 3399 terris
445 3351 561 3401 tonuisse
571 3353 665 3415 putes?
763 3357 806 3405 die
825 3355 981 3419 patrabant:
999 3353 1094 3403 nedum
1113 3360 1144 3403 ut
1163 3355 1295 3418 punirent.

220 3427 319 3483 torar
340 3427 485 3492 tisrairrest]
517 3428 605 3481 Primo
625 3436 724 3482 metue·
763 3434 920 3482 Plutarchus
940 3431 967 3479 in
986 3431 1088 3480 hierio:
1112 3429 1297 3493 ‘Progressus-

189 3509 262 3565 rant,
273 3517 307 3555 ne
326 3503 510 3567 conspicerent
529 3519 611 3566 reim,
628 3513 675 3555 ant
690 3506 724 3556 ab
763 3525 816 3575 que
826 3510 926 3560 Marius
943 3506 1070 3557 Kalendis
1081 3507 1144 3570 ipsis
1154 3508 1296 3570 lanuarik,

190 3580 249 3644 ipso
260 3570 486 3644 conspicerentur:
504 3595 538 3631 ne
549 3581 582 3631 ad
593 3597 621 3632 se
632 3597 723 3634 vocem
762 3587 836 3636 initio
848 3585 917 3646 unni,
937 3586 1043 3633 Sextum
1053 3582 1182 3646 quendam
1202 3582 1297 3632 Licini·

189 3657 350 3719 uenderet,
360 3673 393 3708 ue
403 3658 442 3707 sic
453 3659 480 3707 in
497 3665 597 3723 partem
609 3659 723 3710 criminis
763 3676 807 3711 um
829 3660 862 3710 de
884 3674 948 3709 saxo
966 3659 1047 3722 jecit:
1065 3657 1134 3722 qnod
1152 3663 1180 3706 et
1199 3656 1249 3705 illis
1267 3663 1296 3707 et

189 3734 454 3798 etpoenevetlnriti
465 3735 639 3785 traherentur.
671 3737 723 3786 Sed
763 3738 823 3786 urbi
843 3735 1047 3801 impendentium
1069 3733 1195 3782 malorum
1216 3731 1297 3781 rnul-

191 3816 284 3875 putea
293 3810 461 3860 conscientiae
473 3825 528 3861 sure
539 3809 659 3874 tidenter,
667 3825 725 3860 rur-
763 3828 834 3861 mum
845 3813 927 3861 vuum
939 3809 1112 3873 presagium!

190 3901 234 3938 sus
244 3886 456 3937 reostendebsut
464 3894 492 3937 et
498 3888 554 3950 jani
563 3889 725 3951 metuebant,
799 3890 856 3938 Nec
867 3887 959 3936 mirum
970 3885 992 3934 si
1010 3882 1119 3933 Romani
1135 3881 1204 3930 diem
1223 3881 1295 3931 iilum

190 3963 265 4029 qnasi
275 3963 391 4012 criminis
405 3964 563 4014 conscientia
573 3964 661 4030 aliqua
671 3966 725 4028 pri«
764 3963 887 4012 αἱπιίιιω
898 3959 1035 4011 habuerint
1053 3971 1069 4005 a
1088 3971 1181 4020 puna:
1199 3958 1296 4022 quippe

189 4037 467 4090 nuntouuiement.
764 4034 1078 4102 qniomuesdierfestes.
1111 4034 1211 4083 Seneca
1221 4041 1297 4098 pater

198 4114 325 4178 illempe
345 4115 474 4178 putabant
493 4129 570 4178 posse
589 4130 648 4164 eom
670 4130 723 4166 me·
762 4110 1048 4179 incommunius.
1075 4108 1238 4160 ‘Accusatur
1255 4118 1297 4162 ert

189 4191 515 4258 uturdleetiauoceutem,
525 4191 592 4241 trahi
612 4206 628 4241 a
646 4191 724 4240 nide-
763 4205 780 4238 a
805 4187 889 4238 t'ratre
915 4186 1058 4251 parricidii,
1088 4193 1117 4235 et
1148 4187 1295 4238 demiratus.

189 4268 255 4318 solis
281 4268 309 4317 in
336 4267 443 4333 crinon,
468 4273 514 4319 rut
525 4282 530 4289 ·
542 4274 722 4334 musrmenbrm
762 4264 862 4319 Diebus
877 4261 952 4327 iestis
968 4262 1201 4328 wenerannus,
1219 4276 1296 4329 pm
