3075 4917
177 393 249 466 nan-
260 395 325 458 nn,
526 388 909 455 narrandumnrv,
1219 378 1289 454 Ν,

179 532 369 598 socordiam
382 552 496 598 eornm
521 523 656 597 irridere
677 531 773 612 libet,
797 534 856 617 qui
879 532 1036 617 praemi
1053 533 1201 617 potantia
1213 554 1285 600 ore·

177 633 267 698 dunt
276 635 429 717 extingui
441 654 543 720 posse
556 635 659 699 etiam
674 637 844 720 sequentia
859 638 926 701 aevi
939 636 1163 700 memorium.w
1194 635 1285 702 Nam

177 733 305 815 uonna,
330 736 456 820 punitis
478 737 645 819 ingeniia,¹
678 738 789 820 gliscit
803 737 1033 805 ‘auctoritatae
1049 756 1158 822 neque
1180 735 1285 802 alindl

176 893 351 961 irridersirrrat
360 901 454 952 wisan
466 867 591 963 sensnm,
603 901 644 964 qui
651 861 920 966 prasertinuctoritnte
931 877 1018 967 patant
1034 901 1123 952 doleri
1137 916 1202 966 posse
1212 901 1285 952 ctione
1330 893 1333 902 “

170 963 265 1022 ferree
275 966 357 1015 etatis
367 970 516 1015 ammenta
523 982 534 1026 ,·
542 966 627 1030 quippe
635 972 719 1016 costra
730 968 841 1018 so'e‘rcitis
847 968 944 1031 dudda,
952 968 1035 1018 mxii
1043 968 1199 1031 Moundou
1205 967 1286 1031 fosta,

677 1120 790 1172 Noa‘AE

176 1215 227 1267 lice
247 1215 360 1272 inerant.
394 1217 490 1284 Itaque
507 1224 658 1268 manserunt
674 1234 712 1268 oc·
751 1217 886 1284 reduxisti,
903 1224 931 1269 et
949 1235 966 1270 a
986 1233 1047 1269 vera
1063 1219 1136 1269 illurn
1149 1218 1287 1271 vindicasti

176 1292 468 1359 uitatisnperfuernnt
476 1295 546 1360 editi,
563 1296 607 1361 qni
617 1311 712 1361 nempe
749 1300 845 1356 morte,
857 1295 1033 1354 acrestitaisti
1043 1295 1070 1344 in
1080 1295 1184 1359 publica
1194 1309 1284 1346 monn·

171 1370 229 1434 Jbtn
238 1370 265 1420 in
276 1370 395 1421 manibus
412 1386 458 1421 seu
472 1371 635 1421 bibliothecis
647 1372 712 1421 mni·
750 1378 838 1422 menta
849 1367 939 1435 libros,
950 1385 1014 1437 qnos
1025 1372 1065 1420 vir
1074 1371 1117 1420 ille
1128 1369 1284 1422 fortissimus

176 1447 263 1496 tnrnm
278 1435 427 1496 mortalinni
444 1452 534 1497 erant:
559 1462 609 1512 qno
629 1450 711 1513 major
750 1449 876 1512 sangnine
902 1463 950 1498 suo
977 1447 1125 1511 scripserat.
1175 1446 1283 1511 Optime

177 1521 230 1575 fnit
246 1523 364 1574 socordia
376 1524 464 1588 Sejani
475 1531 502 1575 et
517 1525 655 1575 satellitum
673 1526 711 1590 ip·
727 1555 729 1560 -
749 1524 869 1574 meruisti
879 1524 912 1574 de
924 1524 1045 1574 Romanis
1062 1522 1170 1585 studiis3
1189 1535 1285 1587 magna

177 1598 241 1662 sius,
254 1599 300 1664 qni
311 1598 428 1663 extingui
440 1600 543 1663 ingenia
553 1615 629 1665 posse
639 1599 711 1651 inmo
749 1601 853 1651 illorum
880 1616 940 1669 pars
974 1604 1088 1650 arserat:
1123 1600 1221 1665 optime
1250 1598 1285 1651 de

176 1674 221 1725 illo
232 1674 344 1725 evanido
356 1669 493 1739 putabant.
749 1677 873 1741 posteris,
885 1676 919 1726 ad
930 1692 996 1742 qnos
1012 1677 1118 1727 veniens
1132 1676 1284 1740 incorrupta
1386 1686 1392 1698 ‘

174 1755 177 1760 '
208 1758 221 1783 ¹
238 1750 320 1815 ΕΜ]
348 1752 464 1802 Fuerunt
485 1759 571 1802 tamen
600 1753 708 1818 quiens
750 1769 837 1804 rerum
852 1754 926 1818 fides,
943 1754 1042 1805 auctori
1059 1770 1106 1804 suo
1125 1769 1218 1817 magna
1236 1754 1283 1804 im·

176 1827 321 1878 clanculum
332 1831 709 1893 servarent,etposteadenno
749 1839 843 1895 putata
852 1848 861 1890 ε,
876 1832 974 1895 optime
990 1830 1023 1880 de
1041 1831 1107 1896 ipso,
1118 1831 1192 1895 cujus
1204 1830 1283 1895 viget,

174 1903 202 1953 in
219 1904 303 1954 lacem
324 1905 486 1955 emitterent.
512 1905 622 1956 Freinsb.
655 1906 709 1956 lta·
750 1908 901 1973 vigebitque
920 1907 1053 1972 memoria,
1070 1903 1283 1973 qnamdiusuerit

101 1991 106 2000 ’
174 1994 227 2047 que
242 1987 393 2031 manserunt
418 1980 488 2043 editi,
510 1982 571 2047 qnia
598 1982 709 2045 primum
750 1985 777 2034 in
788 1984 873 2049 pretio
890 1986 1006 2035 Romana
1017 1983 1148 2049 cognosci,
1159 1982 1282 2049 quamdiu

175 2058 304 2117 umbri&
320 2058 380 2109 dein
391 2065 522 2109 transacta
533 2059 634 2110 saevitia
645 2066 710 2109 tern-
750 2062 885 2127 qnisquam
907 2062 969 2126 erit,
989 2062 1035 2127 qni
1054 2061 1236 2134 revertlsvelit
1248 2061 1281 2113 ad

176 2151 278 2201 mrum,
286 2153 380 2203 nempe
396 2140 488 2203 Sejano
498 2139 654 2202 Tiberioque
666 2153 710 2187 ex·
749 2143 810 2187 acta
833 2139 967 2203 majorum,
988 2138 1110 2202 quamdin
1138 2137 1283 2203 quisquan,

176 2210 277 2276 tinctis,
287 2213 346 2263 editi
356 2221 433 2263 sunt:
451 2229 512 2263 mox
524 2228 567 2263 eos
583 2214 635 2278 legi
653 2226 710 2277 per·
751 2213 796 2276 qui
806 2213 870 2262 velit
880 2212 956 2276 scire,
967 2213 1029 2278 qnid
1041 2213 1075 2263 sit
1087 2212 1126 2262 vir
1140 2213 1282 2276 Romanus,

175 2286 246 2336 misit
260 2287 391 2352 Caligula.
423 2290 462 2346 Eo
473 2304 548 2339 sensu
560 2295 711 2339 manserunt
750 2288 797 2353 qni
808 2289 921 2339 subactis
929 2289 986 2353 jam
1002 2288 1148 2338 cervicibus
1159 2290 1283 2351 omnium,

175 2366 296 2430 wandali,
310 2359 422 2417 durante
442 2369 543 2418 saevitia
560 2367 710 2431 imperitan·
750 2370 778 2413 et
789 2363 822 2413 ad
832 2364 997 2428 Sejanianum
1010 2365 1103 2430 jugum
1119 2364 1228 2428 adactis,
1246 2364 1283 2415 in·

174 2442 710 2509 tium3manserunt,editisnnt,transacta
750 2440 862 2491 domitus
883 2442 918 2493 sit
937 2443 1023 2506 homo,
1047 2442 1160 2506 ingenio,
1186 2442 1281 2505 animo,

175 2516 436 2569 sevitia'eornndenr.
750 2531 828 2566 manu
850 2518 926 2568 iiber.
967 2519 1091 2582 Magnam
1112 2534 1154 2568 me
1176 2519 1282 2569 hercule

208 2594 291 2660 Editi]
307 2597 360 2645 Dio
378 2591 397 2645 l'.
410 2610 476 2647 nvn.
492 2583 634 2661 ‘Liba-ique
652 2595 709 2660 ejus
748 2591 931 2643 detrimentum
954 2595 1100 2659 respublica
1120 2601 1236 2659 ceperat,
1259 2594 1284 2647 si

174 2673 203 2724 i'n
218 2674 285 2724 urbe
303 2673 402 2724 inventi
419 2681 482 2725 tnnc
503 2689 551 2738 per
570 2674 670 2738 aedites,
681 2680 709 2725 ει
747 2668 821 2717 illurn
833 2669 866 2718 nb
878 2663 944 2720 dnae¹
959 2676 1029 2720 artes
1046 2671 1239 2735 pulcherrimas,
1254 2671 1282 2722 in

175 2745 238 2801 foris
260 2765 308 2816 per
326 2749 485 2815 singulorum
506 2752 623 2800 locorum
645 2765 709 2814 prae.
748 2743 903 2796 oblivionem
923 2747 1080 2812 conjectum,
1104 2748 1281 2812 eloquentiam

174 2826 269 2887 tectos,
290 2829 399 2879 cremati
418 2834 492 2889 snnt;
510 2834 601 2891 poster
622 2834 708 2876 tamen
748 2826 777 2868 et
787 2820 947 2885 libertatern,
957 2838 1009 2872 non
1021 2824 1139 2875 ernissos.
1163 2826 1282 2890 Legitur,

174 2905 272 2956 iteruin
283 2905 362 2955 editi:
380 2919 439 2954 narn
451 2918 506 2966 eos,
513 2918 576 2966 eum
591 2902 644 2967 alii,
653 2910 709 2953 turn
748 2894 835 2959 floret,
846 2898 872 2946 la
886 2901 1124 2963 narrationum,
1136 2900 1163 2950 in
1174 2911 1283 2964 pectora

175 2981 280 3031 Marcia
290 2980 343 3030 fitia
354 2982 409 3045 ejus
421 2981 607 3041 occultaverat,
618 2984 647 3028 et
658 2993 709 3026 ma·
750 2980 880 3037 receptus,
902 2982 1059 3042 vetustatem
1082 2977 1177 3025 nnllam
1196 2965 1281 3026 time't.

169 3056 224 3120 jori
235 3058 322 3107 studio
342 3057 376 3106 ob
393 3069 480 3106 casum
492 3055 573 3105 Cordi
588 3058 648 3103 sunt
665 3068 709 3103 ex·
749 3045 788 3097 At
808 3049 911 3099 illoram
930 3049 1078 3100 carnificum
1101 3050 1153 3100 cito
1172 3052 1281 3114 scelera,

176 3132 268 3197 cepti)
301 3134 432 3185 Quantum
451 3137 526 3195 patet
545 3145 579 3179 ex
591 3129 709 3179 hocloco
749 3124 841 3190 quibus
868 3126 929 3175 solis
955 3127 1104 3175 memoriam
1125 3133 1288 3204 metuerunt,⁸

175 3208 281 3272 monis,
288 3210 343 3274 jam
355 3224 411 3258 aevo
424 3206 544 3274 Augusti,
556 3207 621 3256 editi
633 3212 709 3255 erant
750 3202 913 3253 tacebuntur.
946 3204 1013 3253 Htec
1035 3203 1184 3267 magnitudo
1203 3200 1287 3253 animi

177 3283 292 3346 bilibri,
314 3292 342 3333 et
363 3285 389 3333 in
413 3284 502 3346 vulgus
521 3283 621 3346 sparsi:
649 3296 709 3332 nam
749 3279 787 3327 tui
799 3279 880 3329 vetuit
899 3292 940 3328 me
961 3280 992 3329 ad
1010 3286 1082 3329 tuum
1094 3293 1183 3328 sexum
1201 3275 1282 3343 respiss

175 3373 228 3409 non
248 3361 325 3410 modo
345 3361 435 3412 Rornae
452 3367 567 3409 cremata
581 3359 710 3422 exempla·
748 3368 827 3403 cere:
854 3355 940 3405 vetuit
958 3354 991 3404 sd
1014 3356 1121 3418 vultum,
1144 3369 1221 3419 quem
1240 3359 1282 3404 tot

174 3427 217 3486 ria
227 3443 297 3499 sunt,
307 3436 353 3486 sed
365 3437 445 3485 etiam
460 3436 485 3483 in
504 3434 561 3483 aliis
576 3433 662 3483 ltaliae
680 3439 710 3483 et
749 3444 874 3480 unorum
893 3433 1016 3481 cnutinna
1032 3430 1150 3495 tristitia,
1161 3431 1282 3482 nt'sem'el

174 3511 279 3575 imperii
297 3512 371 3574 locis,
388 3525 435 3575 per
452 3510 623 3560 Decuriones.
656 3507 709 3578 Sed
748 3505 867 3569 abduxit,
877 3508 969 3557 tenet!

175 3576 282 3652 dejecto
294 3585 486 3653 interfectoque
504 3585 606 3650 sejano,
618 3597 713 3634 rursus·
781 3589 798 3614 '¹
814 3581 939 3646 Sequentia
948 3584 994 3633 oeoi
1004 3584 1151 3648 memorium
1163 3584 1220 3633 Hoc
1232 3588 1281 3648 est,

175 3665 258 3729 editi3
275 3675 423 3717 manserant
435 3667 530 3732 quippe
541 3664 708 3728 exemplaria,
748 3674 783 3710 ae
804 3660 865 3727 quid
887 3676 921 3711 ex
943 3661 995 3711 suls
1016 3662 1128 3726 probris,
1155 3659 1219 3709 illud
1247 3658 1300 3709 atl'

175 3758 234 3809 qun
244 3751 272 3792 et
283 3744 325 3792 edi
335 3743 454 3807 permisit
463 3743 549 3792 Caius.
566 3743 632 3793 Quis
640 3742 709 3791 enim
749 3753 832 3788 evum
851 3739 1000 3803 perveniat;
1017 3752 1092 3787 nemo
1111 3735 1179 3787 enirn
1199 3744 1281 3801 usque

174 3821 243 3875 adeo
252 3831 352 3890 potens,
361 3827 391 3872 ut
402 3822 505 3870 aboleat
514 3819 636 3883 ingenia?
652 3819 709 3883 quis
749 3812 815 3865 adeo
834 3813 940 3878 insanit,
963 3822 991 3863 ut
1013 3815 1104 3864 credat
1126 3812 1230 3862 abolere
1251 3826 1287 3880 sc¹

175 3913 267 3950 omnes
281 3906 373 3948 aetates
389 3904 417 3947 ct
437 3897 548 3960 linguam
568 3895 646 3944 totius
664 3907 709 3957 po·
748 3907 826 3957 posse
844 3894 940 3957 scripta
960 3905 1059 3953 eorum,
1071 3889 1114 3955 qni
1126 3896 1184 3952 post
1195 3890 1287 3953 ipsum⁴
1353 3955 1355 3960 Δ
1382 3892 1393 3902 “

176 3977 232 4042 puli
245 3977 318 4027 Rom.
331 3976 408 4025 silere
419 3974 515 4037 cogat?
588 3987 594 4000 ⁴
749 3976 809 4017 sunt
832 3966 936 4028 victuri,
952 3968 1021 4031 quod
1041 3980 1091 4015 nou
1110 3979 1185 4014 nemo
1203 3964 1284 4036 divit.¹

196 4051 293 4118 [Edits]
309 4053 422 4100 Seneca:
445 4049 501 4098 ‘Ut
523 4062 583 4097 vero
599 4046 709 4112 aliquam
749 4042 858 4092 Freissb.
1250 4045 1253 4050 '

175 4119 340 4180 occasionem
351 4126 461 4178 mutatio
473 4133 618 4188 temporum
627 4121 709 4186 dedit,
782 4123 796 4151 ⁸
812 4116 909 4165 Partitis
929 4116 1042 4179 ingeniis]
1071 4110 1148 4174 Fama
1167 4114 1285 4194 ingenio-¹

176 4204 316 4272 ingenium·
329 4203 410 4266 patris
431 4202 478 4264 tui,
490 4200 584 4265 dequo
596 4193 709 4248 snmt'nrn
749 4208 807 4243 rum
820 4191 923 4257 crescit,
932 4208 990 4258 qua
1007 4193 1040 4242 ob
1055 4187 1209 4257 scriptasina
1221 4197 1280 4258 s'up-

178 4287 237 4332 erat
257 4278 422 4346 supplicium,
438 4276 466 4327 ln
489 4289 561 4327 mam
579 4273 709 4325 hommum
748 4269 856 4337 pliciuns
880 4271 991 4338 luerunt,
1018 4269 1147 4323 enrrislbi
1170 4269 1280 4338 quisque

533 4509 586 4634 <3
