3075 4917
167 426 322 497 naseu
543 421 749 477 susannis
773 428 847 480 nin.
868 428 920 479 rr.
1205 421 1271 489 ma

99 592 104 602 ¹
167 565 281 629 sulatu
293 563 438 643 iunctus,
454 563 617 633 Oocceius
633 567 777 648 Nerra‚'
796 573 852 637 eui
871 573 980 656 legum
994 576 1138 658 peritias
1155 577 1269 662 liques

167 664 355 743 Rammius,
368 670 488 750 praeter
501 667 668 752 sejanum,
680 691 724 735 ex
738 673 937 751 illustribus,
950 672 1084 740 Curtius
1093 674 1269 744 Atticnst'

167 768 266 830 ceteri
293 767 486 831 liberalibus
514 770 632 834 studiis
661 773 823 855 peremti,¹
842 775 944 839 ferme
972 775 1098 855 Graeci,
1127 798 1268 864 quorum

167 868 373 951 sermonibus
400 869 584 935 levaretur.¹
644 871 810 938 Ferebant
837 875 936 957 periti
966 877 1165 957 eoeiestium,
1193 884 1268 946 ‘iis

165 969 313 1032 motibus
329 969 472 1033 sicimam
495 974 684 1037 excessisse
700 973 812 1039 Roma
831 976 1012 1057 liberium,
1025 985 1064 1042 ut
1082 980 1205 1044 reditus
1219 983 1269 1046 illi

164 1070 370 1154 negaretur?
391 1073 480 1136 unde
501 1075 598 1138 exitii
612 1093 714 1147 causa
731 1076 866 1140 multis!
885 1076 959 1155 ruit,
975 1096 1155 1161 properum
1167 1082 1267 1146 tinem

163 1174 246 1236 uitae
267 1174 527 1257 conjectanfflrus
541 1176 834 1259 vulgantibusque:
856 1179 1061 1260 nequeenim
1079 1186 1148 1244 tam
1162 1182 1270 1248 incre-

164 1272 318 1337 dibilem¹
337 1282 472 1338 casum²
494 1276 725 1357 providebant,
739 1282 777 1341 ut
788 1277 940 1342 undecim
962 1298 1022 1361 per
1043 1299 1146 1345 armos
1159 1283 1264 1348 libens

162 1376 275 1458 patria
288 1382 420 1447 careret.
466 1375 553 1440 Mox
568 1374 695 1461 patriit·
714 1378 814 1443 breve
828 1376 1102 1461 confiniumartis
1121 1386 1156 1447 et
1169 1382 1267 1466 falsis

163 1571 275 1619 Cocceius
288 1572 448 1633 Nereine
465 1573 543 1622 cicilie
557 1574 666 1623 doctrina
680 1575 796 1633 eximiam
809 1580 898 1638 preter
915 1575 1024 1634 Sdmss
1034 1576 1060 1624 in
1072 1575 1198 1626 comitatu
1214 1575 1266 1627 init

159 1634 224 1683 alies
233 1650 301 1696 eques
310 1636 381 1685 Rom.
392 1652 423 1686 erc
432 1638 560 1700 splendidis
572 1639 671 1687 cartica
689 1639 794 1703 Atiam,
803 1640 887 1702 reliqui
903 1639 1059 1701 ingenuarum
1074 1640 1164 1690 astices
1179 1641 1264 1704 periti,

157 1700 266 1761 plerique
278 1699 368 1762 Greci,
378 1717 476 1763 qaorum
485 1703 603 1765 colloquiis
613 1708 767 1753 recrearetur.
802 1703 963 1753 Observabant
977 1705 1099 1765 astrologi,
1115 1705 1265 1754 discessisse

160 1762 195 1812 ab
211 1764 275 1812 urbe
286 1764 418 1814 'liberium
436 1779 467 1814 ea
479 1767 564 1828 positu
580 1773 702 1832 motuque
719 1767 844 1829 siderum,
855 1774 885 1816 ut
901 1780 1030 1831 uunquam
1040 1768 1126 1816 redire
1137 1768 1263 1818 deberet:

159 1829 222 1875 aede
230 1827 344 1890 perniciei
354 1844 424 1878 caasa
432 1830 549 1894 plerisque
558 1830 651 1892 extitit,
667 1846 719 1880 carr
737 1833 824 1880 exinde
841 1833 982 1894 carrinam
1001 1831 1051 1894 ipsi
1069 1831 1191 1880 inerim
1208 1831 1266 1881 cita

157 1892 612 1955 aermtdqasjarremstseotsur:
627 1895 1013 1959 maaeeeimprccpiciebastrcss
1028 1910 1098 1958 usqae
1116 1896 1264 1962 adesajidc

157 1953 269 2019 ἀίω,
279 1961 307 2005 st
314 1971 358 2020 per
367 1958 473 2007 mdcdss
482 1973 556 2008 assas
564 1962 646 2022 sponte
656 1959 734 2009 Rosea
742 1961 859 2011 minet.
892 1961 980 2010 Podea
989 1960 1102 2025 misit,
1112 1974 1182 2024 qam
1190 1974 1263 2024 prope

626 2134 805 2155 ‘'MNO“

202 2265 216 2310 l
234 2259 340 2311 Amicus
361 2262 476 2313 malebat
492 2252 653 2316 Μαναήν.
687 2267 861 2332 Bretina-²
878 2265 932 2316 Pro
953 2278 1047 2314 cassam
1070 2262 1260 2315 Freinshemius
1282 2282 1286 2293 ·

158 2324 227 2388 legit
236 2340 322 2389 cauni,
333 2341 384 2376 aaa
402 2329 456 2377 sine
468 2342 554 2381 causa.
587 2329 664 2381 idere.

662 2480 768 2534 NOTAE

191 2594 204 2618 '
216 2587 327 2637 Cocceius
337 2588 428 2653 Nersa]
445 2590 529 2641 Pater
539 2592 582 2643 hic
592 2599 640 2658 est,
646 2595 690 2659 qni
730 2595 844 2660 taliaque
853 2592 993 2657 vulgabant
1004 2605 1058 2655 prce
1077 2589 1178 2651 laetitia,
1189 2589 1263 2659 quasi

157 2662 185 2711 in
208 2662 302 2712 studiis
325 2664 442 2714 civilibus
459 2666 588 2717 Labeonis
600 2666 690 2719 iactis·
730 2686 806 2720 savae
818 2668 998 2718 dominationis
1005 2667 1096 2731 jugam
1107 2667 1160 2715 cita
1172 2679 1264 2715 excus-

157 2753 217 2786 nem
239 2745 343 2788 secutus
358 2741 478 2791 adversus
491 2743 633 2792 Masurium
645 2745 690 2794 Sa·
730 2747 792 2796 suri.

156 2813 255 2874 binum,
275 2814 301 2862 in
328 2815 389 2878 jure
410 2817 581 2868 dissensiones
609 2822 689 2874 auxit.
762 2823 868 2886 ¹Neqae
877 2823 938 2872 enirn
949 2824 999 2870 tans
1009 2819 1178 2885 incredibilem]
1209 2819 1263 2869 Ne·

155 2889 233 2939 Idem
252 2890 320 2939 libra
339 2894 459 2956 sequenti
469 2894 565 2944 dicitur
585 2896 593 2924 ‘
607 2896 689 2946 conti·
730 2917 781 2968 que
792 2904 861 2953 euim
872 2903 948 2953 aliter
953 2901 1080 2966 judicium
1092 2899 1156 2948 illud
1168 2897 1261 2948 Astro-

154 2979 223 3013 nnus
234 2965 368 3031 principis,
387 2969 469 3018 omnis
487 2969 566 3018 divini
576 2971 689 3022 humani·
727 2977 1262 3040 logicumaccipiendumesseputarerent,

155 3057 208 3107 que
219 3044 286 3106 juris
297 3045 391 3107 sciens,
409 3046 511 3109 integro
533 3055 614 3110 stata,
631 3064 688 3098 car·
728 3067 788 3101 curn
799 3054 829 3102 iis
840 3066 890 3101 non
902 3055 1066 3100 succurreret
1083 3055 1135 3097 tam
1148 3046 1262 3096 absurda

154 3133 220 3183 pare
237 3120 328 3184 illaeso,
351 3123 477 3173 moriendi
492 3124 627 3175 consilium
645 3136 688 3176 ce·
727 3133 755 3177 et
763 3127 920 3177 incredibilis
929 3124 1118 3189 interpretatio,
1126 3129 1156 3171 ut
1167 3136 1260 3184 nempe

155 3188 245 3260 iiim?
455 3224 459 3229 ·
727 3208 898 3265 spontaneum
925 3202 998 3249 velut
1025 3198 1128 3247 exilium
1150 3195 1260 3245 Caesaris

163 3274 166 3277 '
187 3279 205 3304 '
217 3272 316 3321 Caritas
326 3273 434 3339 Anicia]
459 3276 572 3339 Estille,
583 3279 688 3343 queml.
727 3275 926 3341 significaretur,
936 3274 980 3339 qui
990 3272 1108 3323 undecim
1120 3284 1167 3333 per
1178 3284 1259 3319 annos

155 3361 194 3397 va.
207 3347 357 3397 subversum
370 3349 469 3398 artibus
487 3351 573 3416 sejmi
591 3354 641 3404 aits
660 3360 688 3402 et
727 3354 812 3402 libens
823 3353 908 3416 patria
919 3367 964 3401 sira
976 3350 1104 3401 cariturus
1117 3354 1194 3431 estez.

155 3421 276 3488 adquam
289 3424 375 3472 Ovidii
386 3425 479 3489 Elegia
487 3422 525 3477 iv.
534 3434 562 3476 et
570 3442 617 3479 vu.
628 3428 687 3478 libri
760 3429 808 3476 Rei
820 3426 988 3476 substantiam
1000 3430 1072 3473 certa
1088 3430 1115 3472 et
1128 3436 1188 3472 vere
1201 3422 1261 3471 atti·

155 3500 263 3549 secundi
275 3499 307 3548 de
319 3500 414 3550 Ponto.
446 3501 552 3565 Lipsiae.
727 3502 916 3567 gerantperiti
939 3499 976 3548 illi
994 3500 1148 3562 coelestium,
1166 3512 1262 3563 nempe

186 3580 200 3607 ¹
211 3573 359 3623 liberalibus
366 3575 453 3624 madiis
461 3576 570 3641 prediti]
587 3577 688 3629 Quibus
726 3590 855 3642 nunquam
867 3576 1008 3625 rediturum
1018 3588 1072 3623 esse
1079 3573 1105 3621 iu
1117 3572 1220 3631 urbem
1233 3577 1261 3620 at

152 3652 198 3701 ille
210 3653 286 3701 valde
304 3654 493 3717 oblectabatur,
509 3661 538 3703 ut
555 3662 583 3704 et
592 3655 688 3704 Graece
719 3649 944 3713 circumstantias,
966 3664 1059 3712 nempe
1082 3655 1178 3713 quanto
1197 3653 1262 3695 tem·

153 3725 275 3793 pabmata
286 3726 396 3792 iaceret,
412 3735 439 3778 et
457 3743 553 3777 summe
571 3729 687 3778 curiosus
728 3741 792 3791 pore
808 3728 942 3776 absmarus
955 3725 1118 3789 victurusque
1137 3723 1163 3770 iu
1182 3722 1260 3771 exilia

154 3794 225 3851 esset
235 3802 350 3852 historiae
363 3803 501 3853 fabularis:
513 3803 521 3830 ⁴
533 3819 590 3868 quie
603 3811 687 3854 mater
727 3811 806 3864 esset,
817 3802 981 3866 ignorabant.

154 3876 284 3940 Hecubae,
302 3878 370 3943 quod
389 3878 484 3928 Achilli
505 3893 598 3929 nomen
618 3879 687 3928 inter
760 3884 773 3910 ⁸
791 3879 852 3927 Mea·
871 3877 964 3943 patuit]
1002 3875 1100 3923 Verum
1121 3872 1259 3945 insequens

153 3955 276 4019 virgines,
287 3956 349 4019 quid
360 3955 464 4005 Sirenes
473 3963 578 4007 cantare
587 3954 688 4006 solitae!
728 3960 831 4017 tempus
847 3954 947 4002 detexit
963 3960 1040 4001 tenne
1052 3947 1116 3997 iilud
1128 3956 1206 4011 atque
1222 3947 1260 3994 lu-

152 4030 352 4080 suscitare.
729 4027 830 4077 bricum
851 4027 998 4086 discrimen,
1017 4023 1086 4089 quad
1107 4021 1175 4072 inter
1198 4021 1260 4072 artis

185 4111 197 4147 5
210 4103 308 4168 Multis]
326 4105 418 4163 Multis
430 4119 533 4168 nempe,
544 4120 594 4155 nou
607 4105 689 4154 solum
730 4103 953 4171 praedictionisque
972 4097 1164 4161 certitudinem,
1175 4102 1202 4145 et
1212 4094 1259 4144 fal·

152 4179 691 4251 astrologicamMathematicismrpnto,
729 4194 784 4228 sam
812 4179 869 4243 ejus
893 4176 1093 4242 explicationem
1122 4175 1259 4237 intererat,

153 4254 285 4306 sedetiam
294 4255 360 4319 aliis,
369 4254 413 4320 qni
422 4255 691 4319 enscausultcrersnt,
729 4257 780 4303 &e
812 4315 819 4325 Ι
