<?xml version="1.0" encoding="UTF-8"?>
<!DOCTYPE html PUBLIC "-//W3C//DTD XHTML 1.0 Transitional//EN"
    "http://www.w3.org/TR/xhtml1/DTD/xhtml1-transitional.dtd">
<html xmlns="http://www.w3.org/1999/xhtml" xml:lang="en" lang="en">
 <head>
  <title>
</title>
<meta http-equiv="Content-Type" content="text/html;charset=utf-8" />
  <meta name='ocr-system' content='tesseract 3.04.00' />
  <meta name='ocr-capabilities' content='ocr_page ocr_carea ocr_par ocr_line ocrx_word'/>
</head>
<body>
  <div class='ocr_page' id='page_1' title='image "./operaomnia03tacigoog_0263.png"; bbox 0 0 3075 4917; ppageno 0'>
   <div class='ocr_carea' id='block_1_1' title="bbox 198 364 1303 450">
    <p class='ocr_par' dir='ltr' id='par_1_1' title="bbox 198 364 1303 450">
     <span class='ocr_line' id='line_1_1' title="bbox 198 364 1303 450; baseline -0.012 -12"><span class='ocrx_word' id='word_1_1' title='bbox 198 383 337 450; x_wconf 53' lang='grc' dir='ltr'><strong>πει]</strong></span> <span class='ocrx_word' id='word_1_2' title='bbox 422 422 425 426; x_wconf 24' lang='lat' dir='ltr'><strong>i</strong></span> <span class='ocrx_word' id='word_1_3' title='bbox 553 380 772 431; x_wconf 81' lang='lat' dir='ltr'><strong>-sunsuiuu</strong></span> <span class='ocrx_word' id='word_1_4' title='bbox 799 383 872 431; x_wconf 83' lang='lat' dir='ltr'><strong>niu.</strong></span> <span class='ocrx_word' id='word_1_5' title='bbox 897 383 930 430; x_wconf 89' lang='lat' dir='ltr'><strong>v.</strong></span> <span class='ocrx_word' id='word_1_6' title='bbox 1237 364 1303 434; x_wconf 76' lang='lat'><strong>861</strong></span> 
     </span>
    </p>
   </div>
   <div class='ocr_carea' id='block_1_2' title="bbox 192 514 1306 1013">
    <p class='ocr_par' dir='ltr' id='par_1_2' title="bbox 198 514 1306 915">
     <span class='ocr_line' id='line_1_2' title="bbox 200 514 1306 611; baseline 0 -19"><span class='ocrx_word' id='word_1_7' title='bbox 200 514 286 604; x_wconf 61' lang='lat' dir='ltr'><strong>ium.</strong></span> <span class='ocrx_word' id='word_1_8' title='bbox 307 518 318 560; x_wconf 68' lang='lat'><strong>‘&#39;</strong></span> <span class='ocrx_word' id='word_1_9' title='bbox 333 524 486 611; x_wconf 86' lang='lat' dir='ltr'><strong>quisnam</strong></span> <span class='ocrx_word' id='word_1_10' title='bbox 500 523 606 602; x_wconf 66' lang='lat' dir='ltr'><strong>foret:</strong></span> <span class='ocrx_word' id='word_1_11' title='bbox 632 525 805 603; x_wconf 80' lang='lat' dir='ltr'><strong>dixisse,⁸⁰</strong></span> <span class='ocrx_word' id='word_1_12' title='bbox 829 530 840 562; x_wconf 84' lang='lat'>‘</span> <span class='ocrx_word' id='word_1_13' title='bbox 857 524 909 589; x_wconf 89' lang='grc' dir='ltr'><strong>Μ.</strong></span> <span class='ocrx_word' id='word_1_14' title='bbox 924 524 1039 592; x_wconf 78' lang='lat' dir='ltr'><strong>Silano</strong></span> <span class='ocrx_word' id='word_1_15' title='bbox 1047 520 1242 610; x_wconf 78' lang='lat' dir='ltr'><strong>‘genitumz&#39;p</strong></span> <span class='ocrx_word' id='word_1_16' title='bbox 1256 536 1306 606; x_wconf 74' lang='lat' dir='ltr'><strong>et,‘</strong></span> 
     </span>
     <span class='ocr_line' id='line_1_3' title="bbox 198 622 1303 710; baseline 0 -18"><span class='ocrx_word' id='word_1_17' title='bbox 198 628 311 693; x_wconf 88' lang='lat' dir='ltr'><strong>multis</strong></span> <span class='ocrx_word' id='word_1_18' title='bbox 326 631 525 691; x_wconf 86' lang='lat' dir='ltr'><strong>sectatorum</strong></span> <span class='ocrx_word' id='word_1_19' title='bbox 539 626 691 709; x_wconf 86' lang='lat' dir='ltr'><strong>dilapsis,</strong></span> <span class='ocrx_word' id='word_1_20' title='bbox 707 627 899 691; x_wconf 79' lang='lat' dir='ltr'><strong>ascendisse</strong></span> <span class='ocrx_word' id='word_1_21' title='bbox 913 646 1041 704; x_wconf 83' lang='lat' dir='ltr'><strong>narem,</strong></span> <span class='ocrx_word' id='word_1_22' title='bbox 1050 622 1213 710; x_wconf 81' lang='lat' dir='ltr'><strong>&#39;tanquam</strong></span> <span class='ocrx_word' id='word_1_23' title='bbox 1232 628 1303 693; x_wconf 78' lang='lat' dir='ltr'><strong>Itu-</strong></span> 
     </span>
     <span class='ocr_line' id='line_1_4' title="bbox 199 720 1302 812; baseline 0 -19"><span class='ocrx_word' id='word_1_24' title='bbox 199 720 282 793; x_wconf 72' lang='lat' dir='ltr'><strong>lium</strong></span> <span class='ocrx_word' id='word_1_25' title='bbox 296 731 420 810; x_wconf 84' lang='lat' dir='ltr'><strong>peteret</strong></span> <span class='ocrx_word' id='word_1_26' title='bbox 432 749 440 791; x_wconf 89' lang='lat'>:</span> <span class='ocrx_word' id='word_1_27' title='bbox 454 727 655 811; x_wconf 71' lang='lat' dir='ltr'><strong>scripsitque</strong></span> <span class='ocrx_word' id='word_1_28' title='bbox 667 729 740 794; x_wconf 81' lang='lat' dir='ltr'><strong>hoec</strong></span> <span class='ocrx_word' id='word_1_29' title='bbox 753 729 908 794; x_wconf 77' lang='lat' dir='ltr'><strong>Tiberio:</strong></span> <span class='ocrx_word' id='word_1_30' title='bbox 934 747 1041 812; x_wconf 90' lang='lat' dir='ltr'><strong>neque</strong></span> <span class='ocrx_word' id='word_1_31' title='bbox 1049 724 1131 793; x_wconf 72' lang='lat' dir='ltr'><strong>vnosq</strong></span> <span class='ocrx_word' id='word_1_32' title='bbox 1145 730 1302 810; x_wconf 83' lang='lat' dir='ltr'><strong>originem</strong></span> 
     </span>
     <span class='ocr_line' id='line_1_5' title="bbox 199 826 1078 915; baseline 0 -21"><span class='ocrx_word' id='word_1_33' title='bbox 199 829 342 894; x_wconf 86' lang='lat' dir='ltr'><strong>finemve</strong></span> <span class='ocrx_word' id='word_1_34' title='bbox 353 829 427 913; x_wconf 88' lang='lat' dir='ltr'><strong>ejus</strong></span> <span class='ocrx_word' id='word_1_35' title='bbox 441 829 489 892; x_wconf 89' lang='lat' dir='ltr'><strong>rei</strong></span> <span class='ocrx_word' id='word_1_36' title='bbox 502 829 588 893; x_wconf 86' lang='lat' dir='ltr'><strong>ultra</strong></span> <span class='ocrx_word' id='word_1_37' title='bbox 603 831 837 915; x_wconf 84' lang='lat' dir='ltr'><strong>comperimus.</strong></span> <span class='ocrx_word' id='word_1_38' title='bbox 1017 826 1019 830; x_wconf 74' lang='grc'><strong>’</strong></span> <span class='ocrx_word' id='word_1_39' title='bbox 1075 826 1078 830; x_wconf 49' lang='lat'><strong><em>⁴</em></strong></span> 
     </span>
    </p>

    <p class='ocr_par' dir='ltr' id='par_1_3' title="bbox 192 929 1300 1013">
     <span class='ocr_line' id='line_1_6' title="bbox 192 929 1300 1013; baseline 0.003 -21"><span class='ocrx_word' id='word_1_40' title='bbox 192 946 211 983; x_wconf 63' lang='lat' dir='ltr'><strong>,e</strong></span> <span class='ocrx_word' id='word_1_41' title='bbox 243 930 296 994; x_wconf 92' lang='lat' dir='ltr'><strong>ll.</strong></span> <span class='ocrx_word' id='word_1_42' title='bbox 322 929 424 993; x_wconf 79' lang='lat' dir='ltr'><strong>Exitu</strong></span> <span class='ocrx_word' id='word_1_43' title='bbox 448 932 536 1007; x_wconf 84' lang='lat' dir='ltr'><strong>anni,</strong></span> <span class='ocrx_word' id='word_1_44' title='bbox 566 930 625 994; x_wconf 88' lang='lat' dir='ltr'><strong>diu</strong></span> <span class='ocrx_word' id='word_1_45' title='bbox 649 938 747 995; x_wconf 83' lang='lat' dir='ltr'><strong>auctu</strong></span> <span class='ocrx_word' id='word_1_46' title='bbox 773 932 942 997; x_wconf 82' lang='lat' dir='ltr'><strong>discordia</strong></span> <span class='ocrx_word' id='word_1_47' title='bbox 965 930 1146 996; x_wconf 85' lang='lat' dir='ltr'><strong>Consulum</strong></span> <span class='ocrx_word' id='word_1_48' title='bbox 1169 932 1300 1013; x_wconf 80' lang='lat' dir='ltr'><strong>erupit:</strong></span> 
     </span>
    </p>
   </div>
   <div class='ocr_carea' id='block_1_3' title="bbox 88 1026 1302 1114">
    <p class='ocr_par' dir='ltr' id='par_1_4' title="bbox 88 1026 1302 1114">
     <span class='ocr_line' id='line_1_7' title="bbox 88 1026 1302 1114; baseline 0 -19"><span class='ocrx_word' id='word_1_49' title='bbox 88 1026 101 1048; x_wconf 73' lang='lat'><strong>⁶</strong></span> <span class='ocrx_word' id='word_1_50' title='bbox 199 1051 278 1096; x_wconf 87' lang='lat' dir='ltr'><strong>num</strong></span> <span class='ocrx_word' id='word_1_51' title='bbox 291 1031 383 1109; x_wconf 83' lang='lat' dir='ltr'><strong>Trio,</strong></span> <span class='ocrx_word' id='word_1_52' title='bbox 398 1028 508 1094; x_wconf 74' lang='lat' dir='ltr'><strong>docilis</strong></span> <span class='ocrx_word' id='word_1_53' title='bbox 523 1033 733 1114; x_wconf 80' lang='lat' dir='ltr'><strong>capessendis</strong></span> <span class='ocrx_word' id='word_1_54' title='bbox 746 1034 940 1111; x_wconf 87' lang='lat' dir='ltr'><strong>inimicitiis,</strong></span> <span class='ocrx_word' id='word_1_55' title='bbox 964 1039 997 1097; x_wconf 90' lang='lat' dir='ltr'><strong>et</strong></span> <span class='ocrx_word' id='word_1_56' title='bbox 1019 1033 1093 1097; x_wconf 88' lang='lat' dir='ltr'><strong>soro</strong></span> <span class='ocrx_word' id='word_1_57' title='bbox 1112 1034 1302 1110; x_wconf 54' lang='lat' dir='ltr'><strong>exercitus}</strong></span> 
     </span>
    </p>
   </div>
   <div class='ocr_carea' id='block_1_4' title="bbox 198 1190 1302 1581">
    <p class='ocr_par' dir='ltr' id='par_1_5' title="bbox 198 1190 1302 1581">
     <span class='ocr_line' id='line_1_8' title="bbox 198 1190 1300 1260; baseline -0.002 -17"><span class='ocrx_word' id='word_1_58' title='bbox 198 1195 370 1257; x_wconf 72' lang='lat' dir='ltr'><strong>interrogatum</strong></span> <span class='ocrx_word' id='word_1_59' title='bbox 389 1190 630 1256; x_wconf 85' lang='lat' dir='ltr'><strong>Pseudo-Drusum,</strong></span> <span class='ocrx_word' id='word_1_60' title='bbox 649 1196 765 1260; x_wconf 77' lang='lat' dir='ltr'><strong>quisnam</strong></span> <span class='ocrx_word' id='word_1_61' title='bbox 786 1201 865 1257; x_wconf 84' lang='lat' dir='ltr'><strong>esset,</strong></span> <span class='ocrx_word' id='word_1_62' title='bbox 875 1196 1031 1256; x_wconf 81' lang='lat' dir='ltr'><strong>respondisse,</strong></span> <span class='ocrx_word' id='word_1_63' title='bbox 1041 1209 1068 1243; x_wconf 88' lang='lat' dir='ltr'><strong>se</strong></span> <span class='ocrx_word' id='word_1_64' title='bbox 1079 1196 1118 1244; x_wconf 89' lang='grc' dir='ltr'><strong>Μ.</strong></span> <span class='ocrx_word' id='word_1_65' title='bbox 1129 1192 1300 1247; x_wconf 82' lang='lat' dir='ltr'><strong>Silaaiiiiium</strong></span> 
     </span>
     <span class='ocr_line' id='line_1_9' title="bbox 200 1258 1302 1322; baseline -0.001 -14"><span class='ocrx_word' id='word_1_66' title='bbox 200 1273 268 1310; x_wconf 85' lang='lat' dir='ltr'><strong>csse:</strong></span> <span class='ocrx_word' id='word_1_67' title='bbox 286 1265 310 1308; x_wconf 86' lang='lat' dir='ltr'><strong>et</strong></span> <span class='ocrx_word' id='word_1_68' title='bbox 327 1260 418 1319; x_wconf 74' lang='lat' dir='ltr'><strong>mltis,</strong></span> <span class='ocrx_word' id='word_1_69' title='bbox 434 1260 474 1322; x_wconf 76' lang='lat' dir='ltr'><strong>quui</strong></span> <span class='ocrx_word' id='word_1_70' title='bbox 488 1275 540 1308; x_wconf 85' lang='lat' dir='ltr'><strong>eum</strong></span> <span class='ocrx_word' id='word_1_71' title='bbox 553 1259 746 1322; x_wconf 70' lang='lat' dir='ltr'><strong>frequentarunt,</strong></span> <span class='ocrx_word' id='word_1_72' title='bbox 756 1260 939 1319; x_wconf 65' lang='lat' dir='ltr'><strong>comedentibus,</strong></span> <span class='ocrx_word' id='word_1_73' title='bbox 950 1275 1014 1308; x_wconf 83' lang='lat' dir='ltr'><strong>mure</strong></span> <span class='ocrx_word' id='word_1_74' title='bbox 1025 1259 1189 1317; x_wconf 58' lang='lat' dir='ltr'><strong>comedim</strong></span> <span class='ocrx_word' id='word_1_75' title='bbox 1198 1258 1265 1320; x_wconf 71' lang='lat' dir='ltr'><strong>quusi</strong></span> <span class='ocrx_word' id='word_1_76' title='bbox 1275 1258 1302 1307; x_wconf 79' lang='lat' dir='ltr'><strong>is</strong></span> 
     </span>
     <span class='ocr_line' id='line_1_10' title="bbox 225 1322 1301 1387; baseline -0.001 -16"><span class='ocrx_word' id='word_1_77' title='bbox 225 1322 297 1371; x_wconf 70' lang='lat' dir='ltr'><strong>oium</strong></span> <span class='ocrx_word' id='word_1_78' title='bbox 318 1339 343 1372; x_wconf 81' lang='lat' dir='ltr'><strong>se</strong></span> <span class='ocrx_word' id='word_1_79' title='bbox 364 1323 493 1382; x_wconf 68' lang='lat' dir='ltr'><strong>eoufmet:</strong></span> <span class='ocrx_word' id='word_1_80' title='bbox 509 1328 533 1371; x_wconf 88' lang='lat' dir='ltr'><strong>et</strong></span> <span class='ocrx_word' id='word_1_81' title='bbox 550 1338 578 1372; x_wconf 81' lang='lat' dir='ltr'><strong>eu</strong></span> <span class='ocrx_word' id='word_1_82' title='bbox 596 1324 716 1372; x_wconf 70' lang='lat' dir='ltr'><strong>mstiaoit</strong></span> <span class='ocrx_word' id='word_1_83' title='bbox 737 1325 842 1374; x_wconf 78' lang='lat' dir='ltr'><strong>Tiberio.</strong></span> <span class='ocrx_word' id='word_1_84' title='bbox 876 1325 959 1387; x_wconf 79' lang='lat' dir='ltr'><strong>Neque</strong></span> <span class='ocrx_word' id='word_1_85' title='bbox 978 1339 1019 1372; x_wconf 81' lang='lat' dir='ltr'><strong>sos</strong></span> <span class='ocrx_word' id='word_1_86' title='bbox 1037 1323 1142 1385; x_wconf 72' lang='lat' dir='ltr'><strong>isitium,</strong></span> <span class='ocrx_word' id='word_1_87' title='bbox 1157 1323 1301 1371; x_wconf 75' lang='lat' dir='ltr'><strong>outesituss</strong></span> 
     </span>
     <span class='ocr_line' id='line_1_11' title="bbox 234 1386 926 1448; baseline 0.001 -14"><span class='ocrx_word' id='word_1_88' title='bbox 234 1386 240 1399; x_wconf 82' lang='lat'>‘</span> <span class='ocrx_word' id='word_1_89' title='bbox 278 1387 313 1435; x_wconf 81' lang='lat' dir='ltr'><strong>rei</strong></span> <span class='ocrx_word' id='word_1_90' title='bbox 324 1388 553 1448; x_wconf 77' lang='lat' dir='ltr'><strong>oltrecogrsooiorus.</strong></span> <span class='ocrx_word' id='word_1_91' title='bbox 923 1390 926 1395; x_wconf 87' lang='lat'>&#39;</span> 
     </span>
     <span class='ocr_line' id='line_1_12' title="bbox 232 1451 1302 1515; baseline 0.005 -17"><span class='ocrx_word' id='word_1_92' title='bbox 232 1451 292 1499; x_wconf 75' lang='lat' dir='ltr'><strong>Fine</strong></span> <span class='ocrx_word' id='word_1_93' title='bbox 302 1451 359 1499; x_wconf 77' lang='lat' dir='ltr'><strong>ossi</strong></span> <span class='ocrx_word' id='word_1_94' title='bbox 368 1453 459 1514; x_wconf 81' lang='lat' dir='ltr'><strong>pridem</strong></span> <span class='ocrx_word' id='word_1_95' title='bbox 469 1453 552 1500; x_wconf 84' lang='lat' dir='ltr'><strong>adulto</strong></span> <span class='ocrx_word' id='word_1_96' title='bbox 567 1453 685 1502; x_wconf 65' lang='lat' dir='ltr'><strong>cosulem</strong></span> <span class='ocrx_word' id='word_1_97' title='bbox 696 1451 808 1500; x_wconf 58' lang='lat' dir='ltr'><strong>dmm</strong></span> <span class='ocrx_word' id='word_1_98' title='bbox 814 1452 931 1515; x_wconf 76' lang='lat' dir='ltr'><strong>prorupit.</strong></span> <span class='ocrx_word' id='word_1_99' title='bbox 966 1452 1059 1514; x_wconf 75' lang='lat' dir='ltr'><strong>Quippe</strong></span> <span class='ocrx_word' id='word_1_100' title='bbox 1071 1451 1128 1500; x_wconf 68' lang='lat' dir='ltr'><strong>itio</strong></span> <span class='ocrx_word' id='word_1_101' title='bbox 1137 1454 1243 1514; x_wconf 69' lang='lat' dir='ltr'><strong>prumien</strong></span> <span class='ocrx_word' id='word_1_102' title='bbox 1250 1463 1302 1503; x_wconf 62' lang='lat' dir='ltr'><strong>ms</strong></span> 
     </span>
     <span class='ocr_line' id='line_1_13' title="bbox 199 1514 1300 1581; baseline -0.001 -18"><span class='ocrx_word' id='word_1_103' title='bbox 199 1514 314 1579; x_wconf 77' lang='lat' dir='ltr'><strong>cipiendis</strong></span> <span class='ocrx_word' id='word_1_104' title='bbox 320 1515 389 1577; x_wconf 82' lang='lat' dir='ltr'><strong>odiis,</strong></span> <span class='ocrx_word' id='word_1_105' title='bbox 400 1520 424 1564; x_wconf 84' lang='lat' dir='ltr'><strong>et</strong></span> <span class='ocrx_word' id='word_1_106' title='bbox 434 1514 571 1575; x_wconf 71' lang='lat' dir='ltr'><strong>mswersu&#39;</strong></span> <span class='ocrx_word' id='word_1_107' title='bbox 582 1520 700 1580; x_wconf 60' lang='lat' dir='ltr'><strong>expertum</strong></span> <span class='ocrx_word' id='word_1_108' title='bbox 710 1516 801 1579; x_wconf 75' lang='lat' dir='ltr'><strong>oblique</strong></span> <span class='ocrx_word' id='word_1_109' title='bbox 811 1522 924 1578; x_wconf 79' lang='lat' dir='ltr'><strong>orgoerot</strong></span> <span class='ocrx_word' id='word_1_110' title='bbox 935 1516 1063 1581; x_wconf 84' lang='lat' dir='ltr'><strong>Regulum</strong></span> <span class='ocrx_word' id='word_1_111' title='bbox 1073 1523 1194 1579; x_wconf 85' lang='lat' dir='ltr'><strong>tanquam</strong></span> <span class='ocrx_word' id='word_1_112' title='bbox 1203 1516 1300 1563; x_wconf 80' lang='lat' dir='ltr'><strong>lentum</strong></span> 
     </span>
    </p>
   </div>
   <div class='ocr_carea' id='block_1_5' title="bbox 201 1761 1301 1823">
    <p class='ocr_par' dir='ltr' id='par_1_6' title="bbox 201 1761 1301 1823">
     <span class='ocr_line' id='line_1_14' title="bbox 201 1761 1301 1823; baseline -0.001 -11"><span class='ocrx_word' id='word_1_113' title='bbox 201 1782 205 1789; x_wconf 92' lang='lat'>·</span> <span class='ocrx_word' id='word_1_114' title='bbox 230 1767 246 1812; x_wconf 59' lang='grc' dir='ltr'>θ</span> <span class='ocrx_word' id='word_1_115' title='bbox 263 1762 308 1810; x_wconf 87' lang='lat' dir='ltr'><strong>lta</strong></span> <span class='ocrx_word' id='word_1_116' title='bbox 318 1763 370 1812; x_wconf 91' lang='lat' dir='ltr'><strong>Ms.</strong></span> <span class='ocrx_word' id='word_1_117' title='bbox 383 1763 453 1811; x_wconf 81' lang='lat' dir='ltr'><strong>Flor.</strong></span> <span class='ocrx_word' id='word_1_118' title='bbox 463 1761 591 1811; x_wconf 82' lang='lat' dir='ltr'><strong>editiones</strong></span> <span class='ocrx_word' id='word_1_119' title='bbox 599 1766 702 1812; x_wconf 84' lang='lat' dir='ltr'><strong>veteres</strong></span> <span class='ocrx_word' id='word_1_120' title='bbox 714 1770 741 1812; x_wconf 91' lang='lat' dir='ltr'><strong>et</strong></span> <span class='ocrx_word' id='word_1_121' title='bbox 754 1764 920 1814; x_wconf 76' lang='lat' dir='ltr'><strong>recentiores.</strong></span> <span class='ocrx_word' id='word_1_122' title='bbox 953 1764 1025 1812; x_wconf 78' lang='lat' dir='ltr'><strong>Male</strong></span> <span class='ocrx_word' id='word_1_123' title='bbox 1042 1763 1068 1812; x_wconf 92' lang='lat' dir='ltr'><strong>in</strong></span> <span class='ocrx_word' id='word_1_124' title='bbox 1088 1762 1257 1823; x_wconf 81' lang='lat' dir='ltr'><strong>intermediis,</strong></span> <span class='ocrx_word' id='word_1_125' title='bbox 1265 1762 1301 1811; x_wconf 80' lang='lat' dir='ltr'><strong>itt</strong></span> 
     </span>
    </p>
   </div>
   <div class='ocr_carea' id='block_1_6' title="bbox 199 1825 1301 1941">
    <p class='ocr_par' dir='ltr' id='par_1_7' title="bbox 199 1825 1301 1941">
     <span class='ocr_line' id='line_1_15' title="bbox 199 1825 1301 1940; baseline 0.004 -65"><span class='ocrx_word' id='word_1_126' title='bbox 199 1828 288 1940; x_wconf 54' lang='lat' dir='ltr'><strong>nmis</strong></span> <span class='ocrx_word' id='word_1_127' title='bbox 299 1828 424 1889; x_wconf 69' lang='lat' dir='ltr'><strong>cogsmcd.</strong></span> <span class='ocrx_word' id='word_1_128' title='bbox 457 1827 574 1881; x_wconf 59' lang='lat' dir='ltr'><strong>&amp;curtius</strong></span> <span class='ocrx_word' id='word_1_129' title='bbox 584 1828 736 1890; x_wconf 73' lang='lat' dir='ltr'><strong>interrogato,</strong></span> <span class='ocrx_word' id='word_1_130' title='bbox 748 1831 855 1892; x_wconf 66' lang='lat' dir='ltr'><strong>purum</strong></span> <span class='ocrx_word' id='word_1_131' title='bbox 867 1825 954 1889; x_wconf 77' lang='lat' dir='ltr'><strong>soreii</strong></span> <span class='ocrx_word' id='word_1_132' title='bbox 973 1828 1038 1879; x_wconf 74' lang='lat' dir='ltr'><strong>dicit</strong></span> <span class='ocrx_word' id='word_1_133' title='bbox 1048 1843 1074 1877; x_wconf 82' lang='lat' dir='ltr'><strong>se</strong></span> <span class='ocrx_word' id='word_1_134' title='bbox 1086 1829 1124 1878; x_wconf 82' lang='lat' dir='ltr'><strong>M.</strong></span> <span class='ocrx_word' id='word_1_135' title='bbox 1134 1827 1217 1881; x_wconf 71' lang='lat' dir='ltr'><strong>Situm</strong></span> <span class='ocrx_word' id='word_1_136' title='bbox 1235 1829 1301 1890; x_wconf 63' lang='lat' dir='ltr'><strong>gosis</strong></span> 
     </span>
     <span class='ocr_line' id='line_1_16' title="bbox 226 1908 258 1941; baseline 0.031 -1"><span class='ocrx_word' id='word_1_137' title='bbox 226 1908 258 1941; x_wconf 78' lang='lat' dir='ltr'><strong>rs.</strong></span> 
     </span>
    </p>
   </div>
   <div class='ocr_carea' id='block_1_7' title="bbox 698 1973 804 2023">
    <p class='ocr_par' dir='ltr' id='par_1_8' title="bbox 698 1973 804 2023">
     <span class='ocr_line' id='line_1_17' title="bbox 698 1973 804 2023; baseline 0 0"><span class='ocrx_word' id='word_1_138' title='bbox 698 1973 804 2023; x_wconf 75' lang='lat' dir='ltr'><strong>NOTAE</strong></span> 
     </span>
    </p>
   </div>
   <div class='ocr_carea' id='block_1_8' title="bbox 192 2074 1299 4267">
    <p class='ocr_par' dir='ltr' id='par_1_9' title="bbox 198 2074 1299 2224">
     <span class='ocr_line' id='line_1_18' title="bbox 199 2074 1299 2153; baseline 0.004 -20"><span class='ocrx_word' id='word_1_139' title='bbox 199 2084 239 2133; x_wconf 83' lang='lat' dir='ltr'><strong>riu</strong></span> <span class='ocrx_word' id='word_1_140' title='bbox 250 2083 427 2146; x_wconf 77' lang='lat' dir='ltr'><strong>investigaret,</strong></span> <span class='ocrx_word' id='word_1_141' title='bbox 438 2074 516 2148; x_wconf 76' lang='lat' dir='ltr'><strong>&#39;quasi</strong></span> <span class='ocrx_word' id='word_1_142' title='bbox 527 2099 590 2137; x_wconf 83' lang='lat' dir='ltr'><strong>vcro</strong></span> <span class='ocrx_word' id='word_1_143' title='bbox 601 2100 653 2136; x_wconf 89' lang='lat' dir='ltr'><strong>non</strong></span> <span class='ocrx_word' id='word_1_144' title='bbox 669 2099 727 2153; x_wconf 86' lang='lat' dir='ltr'><strong>enm</strong></span> <span class='ocrx_word' id='word_1_145' title='bbox 767 2089 929 2151; x_wconf 65' lang='lat' dir='ltr'><strong>vincebatur,</strong></span> <span class='ocrx_word' id='word_1_146' title='bbox 952 2094 980 2136; x_wconf 91' lang='lat' dir='ltr'><strong>et</strong></span> <span class='ocrx_word' id='word_1_147' title='bbox 1003 2084 1135 2152; x_wconf 78' lang='lat' dir='ltr'><strong>fatebatur</strong></span> <span class='ocrx_word' id='word_1_148' title='bbox 1162 2085 1228 2150; x_wconf 84' lang='lat' dir='ltr'><strong>ipse,</strong></span> <span class='ocrx_word' id='word_1_149' title='bbox 1247 2100 1299 2137; x_wconf 83' lang='lat' dir='ltr'><strong>non</strong></span> 
     </span>
     <span class='ocr_line' id='line_1_19' title="bbox 198 2157 1095 2224; baseline 0.006 -17"><span class='ocrx_word' id='word_1_150' title='bbox 198 2157 255 2224; x_wconf 85' lang='lat' dir='ltr'><strong>ipsc</strong></span> <span class='ocrx_word' id='word_1_151' title='bbox 264 2158 377 2207; x_wconf 83' lang='lat' dir='ltr'><strong>vinctum</strong></span> <span class='ocrx_word' id='word_1_152' title='bbox 391 2159 488 2216; x_wconf 68' lang='lat' dir='ltr'><strong>Cusari</strong></span> <span class='ocrx_word' id='word_1_153' title='bbox 499 2161 610 2210; x_wconf 79' lang='lat' dir='ltr'><strong>misisset</strong></span> <span class='ocrx_word' id='word_1_154' title='bbox 624 2162 630 2209; x_wconf 86' lang='lat' dir='ltr'><strong>i</strong></span> <span class='ocrx_word' id='word_1_155' title='bbox 768 2178 859 2214; x_wconf 86' lang='lat' dir='ltr'><strong>essese</strong></span> <span class='ocrx_word' id='word_1_156' title='bbox 869 2176 957 2213; x_wconf 84' lang='lat' dir='ltr'><strong>verum</strong></span> <span class='ocrx_word' id='word_1_157' title='bbox 970 2164 1095 2212; x_wconf 85' lang='lat' dir='ltr'><strong>Drusum.</strong></span> 
     </span>
    </p>

    <p class='ocr_par' dir='ltr' id='par_1_10' title="bbox 196 2234 1299 2757">
     <span class='ocr_line' id='line_1_20' title="bbox 231 2234 1299 2303; baseline 0.002 -19"><span class='ocrx_word' id='word_1_158' title='bbox 231 2235 308 2284; x_wconf 85' lang='lat' dir='ltr'><strong>Meus</strong></span> <span class='ocrx_word' id='word_1_159' title='bbox 334 2234 418 2283; x_wconf 86' lang='lat' dir='ltr'><strong>Taciti</strong></span> <span class='ocrx_word' id='word_1_160' title='bbox 445 2241 495 2295; x_wconf 86' lang='lat' dir='ltr'><strong>est,</strong></span> <span class='ocrx_word' id='word_1_161' title='bbox 521 2236 652 2295; x_wconf 79' lang='lat' dir='ltr'><strong>Sabinum,</strong></span> <span class='ocrx_word' id='word_1_162' title='bbox 670 2252 729 2286; x_wconf 87' lang='lat' dir='ltr'><strong>cum</strong></span> <span class='ocrx_word' id='word_1_163' title='bbox 801 2239 974 2303; x_wconf 81' lang='lat' dir='ltr'><strong>Quicquidsit</strong></span> <span class='ocrx_word' id='word_1_164' title='bbox 985 2238 1018 2286; x_wconf 87' lang='lat' dir='ltr'><strong>de</strong></span> <span class='ocrx_word' id='word_1_165' title='bbox 1026 2238 1124 2300; x_wconf 88' lang='lat' dir='ltr'><strong>origine</strong></span> <span class='ocrx_word' id='word_1_166' title='bbox 1135 2237 1193 2301; x_wconf 89' lang='lat' dir='ltr'><strong>ejus</strong></span> <span class='ocrx_word' id='word_1_167' title='bbox 1204 2235 1299 2299; x_wconf 87' lang='lat' dir='ltr'><strong>Silana,</strong></span> 
     </span>
     <span class='ocr_line' id='line_1_21' title="bbox 198 2308 1299 2373; baseline 0.002 -14"><span class='ocrx_word' id='word_1_168' title='bbox 198 2308 345 2372; x_wconf 84' lang='lat' dir='ltr'><strong>Nicopolim</strong></span> <span class='ocrx_word' id='word_1_169' title='bbox 363 2310 484 2372; x_wconf 80' lang='lat' dir='ltr'><strong>venisset,</strong></span> <span class='ocrx_word' id='word_1_170' title='bbox 506 2312 631 2373; x_wconf 88' lang='lat' dir='ltr'><strong>reperisse</strong></span> <span class='ocrx_word' id='word_1_171' title='bbox 653 2313 729 2361; x_wconf 87' lang='lat' dir='ltr'><strong>soler·</strong></span> <span class='ocrx_word' id='word_1_172' title='bbox 770 2322 856 2364; x_wconf 86' lang='lat' dir='ltr'><strong>tumen</strong></span> <span class='ocrx_word' id='word_1_173' title='bbox 868 2321 971 2365; x_wconf 81' lang='lat' dir='ltr'><strong>constat</strong></span> <span class='ocrx_word' id='word_1_174' title='bbox 983 2328 1074 2362; x_wconf 82' lang='lat' dir='ltr'><strong>uoureu</strong></span> <span class='ocrx_word' id='word_1_175' title='bbox 1086 2314 1150 2362; x_wconf 89' lang='lat' dir='ltr'><strong>iliud</strong></span> <span class='ocrx_word' id='word_1_176' title='bbox 1170 2312 1250 2362; x_wconf 86' lang='lat' dir='ltr'><strong>Silani</strong></span> <span class='ocrx_word' id='word_1_177' title='bbox 1261 2308 1299 2362; x_wconf 65' lang='lat' dir='ltr'><strong>fuss</strong></span> 
     </span>
     <span class='ocr_line' id='line_1_22' title="bbox 198 2378 1298 2454; baseline 0.005 -22"><span class='ocrx_word' id='word_1_178' title='bbox 198 2383 251 2432; x_wconf 89' lang='lat' dir='ltr'><strong>tius</strong></span> <span class='ocrx_word' id='word_1_179' title='bbox 267 2384 453 2447; x_wconf 78' lang='lat' dir='ltr'><strong>interrogatum</strong></span> <span class='ocrx_word' id='word_1_180' title='bbox 470 2398 528 2434; x_wconf 88' lang='lat' dir='ltr'><strong>esse</strong></span> <span class='ocrx_word' id='word_1_181' title='bbox 536 2386 669 2450; x_wconf 77' lang='lat' dir='ltr'><strong>juvenem,</strong></span> <span class='ocrx_word' id='word_1_182' title='bbox 677 2402 728 2451; x_wconf 84' lang='lat' dir='ltr'><strong>non</strong></span> <span class='ocrx_word' id='word_1_183' title='bbox 769 2391 819 2440; x_wconf 89' lang='lat' dir='ltr'><strong>isse</strong></span> <span class='ocrx_word' id='word_1_184' title='bbox 832 2390 993 2454; x_wconf 87' lang='lat' dir='ltr'><strong>aptissimum</strong></span> <span class='ocrx_word' id='word_1_185' title='bbox 1005 2378 1146 2437; x_wconf 52' lang='lat' dir='ltr'><strong>&#39;trrrbandis</strong></span> <span class='ocrx_word' id='word_1_186' title='bbox 1164 2388 1250 2450; x_wconf 86' lang='lat' dir='ltr'><strong>rebus,</strong></span> <span class='ocrx_word' id='word_1_187' title='bbox 1265 2388 1298 2450; x_wconf 79' lang='lat' dir='ltr'><strong>ob</strong></span> 
     </span>
     <span class='ocr_line' id='line_1_23' title="bbox 197 2458 1298 2527; baseline 0.004 -19"><span class='ocrx_word' id='word_1_188' title='bbox 197 2458 303 2522; x_wconf 86' lang='lat' dir='ltr'><strong>publice</strong></span> <span class='ocrx_word' id='word_1_189' title='bbox 315 2466 411 2522; x_wconf 82' lang='lat' dir='ltr'><strong>tumen,</strong></span> <span class='ocrx_word' id='word_1_190' title='bbox 421 2467 450 2511; x_wconf 88' lang='lat' dir='ltr'><strong>ut</strong></span> <span class='ocrx_word' id='word_1_191' title='bbox 463 2470 535 2523; x_wconf 80' lang='lat' dir='ltr'><strong>puto,</strong></span> <span class='ocrx_word' id='word_1_192' title='bbox 552 2468 598 2511; x_wconf 85' lang='lat' dir='ltr'><strong>aut</strong></span> <span class='ocrx_word' id='word_1_193' title='bbox 612 2476 628 2511; x_wconf 88' lang='lat' dir='ltr'><strong>a</strong></span> <span class='ocrx_word' id='word_1_194' title='bbox 640 2464 729 2527; x_wconf 76' lang='lat' dir='ltr'><strong>mugis-</strong></span> <span class='ocrx_word' id='word_1_195' title='bbox 769 2467 929 2516; x_wconf 84' lang='lat' dir='ltr'><strong>nobilitatem</strong></span> <span class='ocrx_word' id='word_1_196' title='bbox 949 2472 975 2514; x_wconf 83' lang='lat' dir='ltr'><strong>et</strong></span> <span class='ocrx_word' id='word_1_197' title='bbox 994 2463 1145 2513; x_wconf 83' lang='lat' dir='ltr'><strong>affinitatem</strong></span> <span class='ocrx_word' id='word_1_198' title='bbox 1155 2464 1298 2525; x_wconf 80' lang='lat' dir='ltr'><strong>Silanorum</strong></span> 
     </span>
     <span class='ocr_line' id='line_1_24' title="bbox 197 2530 1167 2605; baseline 0.004 -20"><span class='ocrx_word' id='word_1_199' title='bbox 197 2536 320 2597; x_wconf 77' lang='lat' dir='ltr'><strong>tristibus,</strong></span> <span class='ocrx_word' id='word_1_200' title='bbox 341 2535 386 2584; x_wconf 88' lang='lat' dir='ltr'><strong>sed</strong></span> <span class='ocrx_word' id='word_1_201' title='bbox 409 2551 424 2585; x_wconf 90' lang='lat' dir='ltr'><strong>a</strong></span> <span class='ocrx_word' id='word_1_202' title='bbox 446 2537 554 2587; x_wconf 89' lang='lat' dir='ltr'><strong>consciis</strong></span> <span class='ocrx_word' id='word_1_203' title='bbox 564 2552 621 2587; x_wconf 89' lang='lat' dir='ltr'><strong>sese</strong></span> <span class='ocrx_word' id='word_1_204' title='bbox 633 2541 728 2590; x_wconf 84' lang='lat' dir='ltr'><strong>amicos</strong></span> <span class='ocrx_word' id='word_1_205' title='bbox 768 2557 828 2592; x_wconf 88' lang='lat' dir='ltr'><strong>cum</strong></span> <span class='ocrx_word' id='word_1_206' title='bbox 836 2543 918 2605; x_wconf 89' lang='lat' dir='ltr'><strong>stirpe</strong></span> <span class='ocrx_word' id='word_1_207' title='bbox 927 2530 1077 2601; x_wconf 70' lang='lat' dir='ltr'><strong>Augustas.</strong></span> <span class='ocrx_word' id='word_1_208' title='bbox 1164 2530 1167 2533; x_wconf 38' lang='lat'>⁵</span> 
     </span>
     <span class='ocr_line' id='line_1_25' title="bbox 197 2609 1299 2680; baseline 0.005 -22"><span class='ocrx_word' id='word_1_209' title='bbox 197 2609 364 2674; x_wconf 76' lang='lat' dir='ltr'><strong>lingentibus,</strong></span> <span class='ocrx_word' id='word_1_210' title='bbox 384 2619 412 2660; x_wconf 89' lang='lat' dir='ltr'><strong>et</strong></span> <span class='ocrx_word' id='word_1_211' title='bbox 432 2612 521 2661; x_wconf 73' lang='lat' dir='ltr'><strong>dixisse</strong></span> <span class='ocrx_word' id='word_1_212' title='bbox 540 2626 568 2661; x_wconf 89' lang='lat' dir='ltr'><strong>se</strong></span> <span class='ocrx_word' id='word_1_213' title='bbox 590 2614 628 2664; x_wconf 91' lang='lat' dir='ltr'><strong>M.</strong></span> <span class='ocrx_word' id='word_1_214' title='bbox 649 2614 729 2663; x_wconf 83' lang='lat' dir='ltr'><strong>Silani</strong></span> <span class='ocrx_word' id='word_1_215' title='bbox 801 2620 911 2669; x_wconf 73' lang='lat' dir='ltr'><strong>iusim</strong></span> <span class='ocrx_word' id='word_1_216' title='bbox 924 2616 1043 2680; x_wconf 75' lang='lat' dir='ltr'><strong>genitum]</strong></span> <span class='ocrx_word' id='word_1_217' title='bbox 1067 2615 1146 2679; x_wconf 86' lang='lat' dir='ltr'><strong>Cujus</strong></span> <span class='ocrx_word' id='word_1_218' title='bbox 1157 2629 1237 2678; x_wconf 70' lang='lat' dir='ltr'><strong>gener</strong></span> <span class='ocrx_word' id='word_1_219' title='bbox 1249 2613 1299 2665; x_wconf 81' lang='lat' dir='ltr'><strong>fuit</strong></span> 
     </span>
     <span class='ocr_line' id='line_1_26' title="bbox 196 2684 893 2757; baseline 0.004 -22"><span class='ocrx_word' id='word_1_220' title='bbox 196 2684 286 2750; x_wconf 87' lang='lat' dir='ltr'><strong>iillum,</strong></span> <span class='ocrx_word' id='word_1_221' title='bbox 296 2693 324 2736; x_wconf 88' lang='lat' dir='ltr'><strong>et</strong></span> <span class='ocrx_word' id='word_1_222' title='bbox 335 2700 363 2736; x_wconf 87' lang='lat' dir='ltr'><strong>se</strong></span> <span class='ocrx_word' id='word_1_223' title='bbox 375 2684 494 2737; x_wconf 85' lang='lat' dir='ltr'><strong>conferre</strong></span> <span class='ocrx_word' id='word_1_224' title='bbox 501 2686 527 2736; x_wconf 90' lang='lat' dir='ltr'><strong>in</strong></span> <span class='ocrx_word' id='word_1_225' title='bbox 538 2687 651 2737; x_wconf 81' lang='lat' dir='ltr'><strong>ltaliam.</strong></span> <span class='ocrx_word' id='word_1_226' title='bbox 667 2689 728 2739; x_wconf 84' lang='lat' dir='ltr'><strong>Sive</strong></span> <span class='ocrx_word' id='word_1_227' title='bbox 769 2694 893 2757; x_wconf 77' lang='lat' dir='ltr'><strong>caligula.</strong></span> 
     </span>
    </p>

    <p class='ocr_par' dir='ltr' id='par_1_11' title="bbox 195 2760 1298 2981">
     <span class='ocr_line' id='line_1_27' title="bbox 195 2760 1298 2833; baseline 0.004 -22"><span class='ocrx_word' id='word_1_228' title='bbox 195 2760 224 2811; x_wconf 88' lang='lat' dir='ltr'><strong>id</strong></span> <span class='ocrx_word' id='word_1_229' title='bbox 243 2775 333 2811; x_wconf 86' lang='lat' dir='ltr'><strong>verum</strong></span> <span class='ocrx_word' id='word_1_230' title='bbox 352 2763 406 2811; x_wconf 88' lang='lat' dir='ltr'><strong>sive</strong></span> <span class='ocrx_word' id='word_1_231' title='bbox 424 2762 451 2810; x_wconf 90' lang='lat' dir='ltr'><strong>id</strong></span> <span class='ocrx_word' id='word_1_232' title='bbox 470 2761 562 2812; x_wconf 82' lang='lat' dir='ltr'><strong>fulsum</strong></span> <span class='ocrx_word' id='word_1_233' title='bbox 583 2771 662 2826; x_wconf 87' lang='lat' dir='ltr'><strong>esset,</strong></span> <span class='ocrx_word' id='word_1_234' title='bbox 678 2766 727 2815; x_wconf 86' lang='lat' dir='ltr'><strong>hoc</strong></span> <span class='ocrx_word' id='word_1_235' title='bbox 801 2777 813 2812; x_wconf 72' lang='lat' dir='ltr'><strong>t</strong></span> <span class='ocrx_word' id='word_1_236' title='bbox 828 2769 911 2833; x_wconf 81' lang='lat' dir='ltr'><strong>Neque</strong></span> <span class='ocrx_word' id='word_1_237' title='bbox 920 2770 973 2832; x_wconf 85' lang='lat' dir='ltr'><strong>sos]</strong></span> <span class='ocrx_word' id='word_1_238' title='bbox 997 2767 1034 2818; x_wconf 77' lang='lat' dir='ltr'><strong>At</strong></span> <span class='ocrx_word' id='word_1_239' title='bbox 1052 2772 1204 2831; x_wconf 79' lang='lat' dir='ltr'><strong>repererunt</strong></span> <span class='ocrx_word' id='word_1_240' title='bbox 1215 2767 1298 2816; x_wconf 82' lang='lat' dir='ltr'><strong>Zona·</strong></span> 
     </span>
     <span class='ocr_line' id='line_1_28' title="bbox 196 2836 1298 2907; baseline 0.005 -21"><span class='ocrx_word' id='word_1_241' title='bbox 196 2836 303 2900; x_wconf 85' lang='lat' dir='ltr'><strong>scripsit</strong></span> <span class='ocrx_word' id='word_1_242' title='bbox 312 2838 416 2888; x_wconf 88' lang='lat' dir='ltr'><strong>Tiberio</strong></span> <span class='ocrx_word' id='word_1_243' title='bbox 431 2837 562 2901; x_wconf 75' lang='lat' dir='ltr'><strong>Poppmns</strong></span> <span class='ocrx_word' id='word_1_244' title='bbox 574 2855 581 2899; x_wconf 77' lang='grc' dir='ltr'><strong>ς</strong></span> <span class='ocrx_word' id='word_1_245' title='bbox 595 2853 679 2903; x_wconf 83' lang='lat' dir='ltr'><strong>neque</strong></span> <span class='ocrx_word' id='word_1_246' title='bbox 690 2842 728 2897; x_wconf 87' lang='lat' dir='ltr'><strong>ul·</strong></span> <span class='ocrx_word' id='word_1_247' title='bbox 767 2859 810 2894; x_wconf 84' lang='lat' dir='ltr'><strong>ras</strong></span> <span class='ocrx_word' id='word_1_248' title='bbox 821 2845 923 2905; x_wconf 73' lang='lat' dir='ltr'><strong>stilio,</strong></span> <span class='ocrx_word' id='word_1_249' title='bbox 934 2845 977 2907; x_wconf 87' lang='lat' dir='ltr'><strong>qui</strong></span> <span class='ocrx_word' id='word_1_250' title='bbox 988 2844 1091 2892; x_wconf 86' lang='lat' dir='ltr'><strong>missum</strong></span> <span class='ocrx_word' id='word_1_251' title='bbox 1107 2856 1166 2890; x_wconf 90' lang='lat' dir='ltr'><strong>euru</strong></span> <span class='ocrx_word' id='word_1_252' title='bbox 1177 2841 1210 2890; x_wconf 82' lang='lat' dir='ltr'><strong>ud</strong></span> <span class='ocrx_word' id='word_1_253' title='bbox 1222 2841 1298 2891; x_wconf 84' lang='lat' dir='ltr'><strong>Tibe·</strong></span> 
     </span>
     <span class='ocr_line' id='line_1_29' title="bbox 197 2913 1298 2981; baseline 0.005 -19"><span class='ocrx_word' id='word_1_254' title='bbox 197 2919 239 2962; x_wconf 83' lang='lat' dir='ltr'><strong>trs</strong></span> <span class='ocrx_word' id='word_1_255' title='bbox 250 2927 305 2961; x_wconf 80' lang='lat' dir='ltr'><strong>rem</strong></span> <span class='ocrx_word' id='word_1_256' title='bbox 316 2913 482 2976; x_wconf 79' lang='lat' dir='ltr'><strong>investigarit</strong></span> <span class='ocrx_word' id='word_1_257' title='bbox 492 2914 609 2964; x_wconf 82' lang='lat' dir='ltr'><strong>Tacitus.</strong></span> <span class='ocrx_word' id='word_1_258' title='bbox 768 2919 835 2968; x_wconf 90' lang='lat' dir='ltr'><strong>rium</strong></span> <span class='ocrx_word' id='word_1_259' title='bbox 857 2918 1027 2981; x_wconf 85' lang='lat' dir='ltr'><strong>tradiderunt,</strong></span> <span class='ocrx_word' id='word_1_260' title='bbox 1048 2918 1172 2979; x_wconf 69' lang='lat' dir='ltr'><strong>Caligulae</strong></span> <span class='ocrx_word' id='word_1_261' title='bbox 1195 2915 1298 2980; x_wconf 81' lang='lat' dir='ltr'><strong>nuptias</strong></span> 
     </span>
    </p>

    <p class='ocr_par' dir='ltr' id='par_1_12' title="bbox 229 2988 1158 3054">
     <span class='ocr_line' id='line_1_30' title="bbox 229 2988 1158 3054; baseline -0.001 -15"><span class='ocrx_word' id='word_1_262' title='bbox 229 2996 242 3021; x_wconf 83' lang='lat'><em>⁰</em></span> <span class='ocrx_word' id='word_1_263' title='bbox 257 2988 373 3039; x_wconf 80' lang='lat' dir='ltr'><strong>Solertius</strong></span> <span class='ocrx_word' id='word_1_264' title='bbox 385 2990 566 3052; x_wconf 73' lang='lat' dir='ltr'><strong>interrogatum,</strong></span> <span class='ocrx_word' id='word_1_265' title='bbox 576 2990 727 3054; x_wconf 73' lang='lat' dir='ltr'><strong>quonumso-</strong></span> <span class='ocrx_word' id='word_1_266' title='bbox 768 2994 842 3044; x_wconf 72' lang='lat' dir='ltr'><strong>Antii</strong></span> <span class='ocrx_word' id='word_1_267' title='bbox 853 2994 1036 3043; x_wconf 79' lang='lat' dir='ltr'><strong>celebrantem.</strong></span> <span class='ocrx_word' id='word_1_268' title='bbox 1054 2993 1158 3054; x_wconf 81' lang='lat' dir='ltr'><strong>Lipsius.</strong></span> 
     </span>
    </p>

    <p class='ocr_par' dir='ltr' id='par_1_13' title="bbox 194 3063 1298 3589">
     <span class='ocr_line' id='line_1_31' title="bbox 195 3063 1296 3131; baseline 0.002 -19"><span class='ocrx_word' id='word_1_269' title='bbox 195 3068 243 3127; x_wconf 85' lang='lat' dir='ltr'><strong>ret,</strong></span> <span class='ocrx_word' id='word_1_270' title='bbox 252 3063 353 3125; x_wconf 76' lang='lat' dir='ltr'><strong>dixisse]</strong></span> <span class='ocrx_word' id='word_1_271' title='bbox 376 3066 479 3114; x_wconf 76' lang='lat' dir='ltr'><strong>Falsum</strong></span> <span class='ocrx_word' id='word_1_272' title='bbox 491 3070 532 3114; x_wconf 88' lang='lat' dir='ltr'><strong>est</strong></span> <span class='ocrx_word' id='word_1_273' title='bbox 548 3065 616 3129; x_wconf 86' lang='lat' dir='ltr'><strong>quod</strong></span> <span class='ocrx_word' id='word_1_274' title='bbox 629 3065 729 3114; x_wconf 85' lang='lat' dir='ltr'><strong>addunt</strong></span> <span class='ocrx_word' id='word_1_275' title='bbox 800 3078 811 3104; x_wconf 79' lang='lat' dir='ltr'><strong>r</strong></span> <span class='ocrx_word' id='word_1_276' title='bbox 828 3068 1026 3131; x_wconf 75' lang='lat' dir='ltr'><strong>Foroexercr‘tus]</strong></span> <span class='ocrx_word' id='word_1_277' title='bbox 1046 3068 1089 3115; x_wconf 88' lang='lat' dir='ltr'><strong>De</strong></span> <span class='ocrx_word' id='word_1_278' title='bbox 1106 3080 1156 3130; x_wconf 88' lang='lat' dir='ltr'><strong>quo</strong></span> <span class='ocrx_word' id='word_1_279' title='bbox 1167 3078 1246 3127; x_wconf 79' lang='lat' dir='ltr'><strong>supra</strong></span> <span class='ocrx_word' id='word_1_280' title='bbox 1265 3077 1296 3114; x_wconf 83' lang='grc' dir='ltr'><strong>ιι.</strong></span> 
     </span>
     <span class='ocr_line' id='line_1_32' title="bbox 197 3136 1297 3203; baseline -0.004 -13"><span class='ocrx_word' id='word_1_281' title='bbox 197 3139 231 3190; x_wconf 84' lang='lat' dir='ltr'><strong>de</strong></span> <span class='ocrx_word' id='word_1_282' title='bbox 242 3154 296 3203; x_wconf 89' lang='lat' dir='ltr'><strong>suo,</strong></span> <span class='ocrx_word' id='word_1_283' title='bbox 310 3140 435 3202; x_wconf 82' lang='lat' dir='ltr'><strong>juvenem</strong></span> <span class='ocrx_word' id='word_1_284' title='bbox 446 3141 524 3203; x_wconf 86' lang='lat' dir='ltr'><strong>hunc,</strong></span> <span class='ocrx_word' id='word_1_285' title='bbox 535 3136 623 3189; x_wconf 88' lang='lat' dir='ltr'><strong>audito</strong></span> <span class='ocrx_word' id='word_1_286' title='bbox 633 3141 727 3191; x_wconf 83' lang='lat' dir='ltr'><strong>adven·</strong></span> <span class='ocrx_word' id='word_1_287' title='bbox 767 3148 809 3193; x_wconf 79' lang='lat'><strong>2⁷.</strong></span> <span class='ocrx_word' id='word_1_288' title='bbox 820 3145 862 3193; x_wconf 88' lang='lat' dir='ltr'><strong>iric</strong></span> <span class='ocrx_word' id='word_1_289' title='bbox 880 3143 957 3192; x_wconf 81' lang='lat' dir='ltr'><strong>iudex</strong></span> <span class='ocrx_word' id='word_1_290' title='bbox 969 3152 996 3191; x_wconf 90' lang='lat' dir='ltr'><strong>et</strong></span> <span class='ocrx_word' id='word_1_291' title='bbox 1007 3140 1109 3190; x_wconf 85' lang='lat' dir='ltr'><strong>delator</strong></span> <span class='ocrx_word' id='word_1_292' title='bbox 1121 3139 1237 3201; x_wconf 85' lang='lat' dir='ltr'><strong>Libonis,</strong></span> <span class='ocrx_word' id='word_1_293' title='bbox 1252 3153 1297 3188; x_wconf 77' lang='lat' dir='ltr'><strong>no·</strong></span> 
     </span>
     <span class='ocr_line' id='line_1_33' title="bbox 195 3207 1298 3282; baseline -0.005 -15"><span class='ocrx_word' id='word_1_294' title='bbox 195 3223 226 3268; x_wconf 85' lang='lat' dir='ltr'><strong>tu</strong></span> <span class='ocrx_word' id='word_1_295' title='bbox 237 3217 333 3278; x_wconf 59' lang='lat' dir='ltr'><strong>Sabinir</strong></span> <span class='ocrx_word' id='word_1_296' title='bbox 355 3217 487 3266; x_wconf 84' lang='lat' dir='ltr'><strong>desertum</strong></span> <span class='ocrx_word' id='word_1_297' title='bbox 498 3233 555 3267; x_wconf 86' lang='lat' dir='ltr'><strong>esse</strong></span> <span class='ocrx_word' id='word_1_298' title='bbox 567 3234 582 3266; x_wconf 86' lang='lat' dir='ltr'><strong>a</strong></span> <span class='ocrx_word' id='word_1_299' title='bbox 594 3217 728 3267; x_wconf 86' lang='lat' dir='ltr'><strong>sectatori·</strong></span> <span class='ocrx_word' id='word_1_300' title='bbox 768 3219 917 3272; x_wconf 87' lang='lat' dir='ltr'><strong>bilissimum</strong></span> <span class='ocrx_word' id='word_1_301' title='bbox 925 3207 1056 3282; x_wconf 87' lang='lat' dir='ltr'><strong>&#39;juvenem</strong></span> <span class='ocrx_word' id='word_1_302' title='bbox 1067 3214 1210 3264; x_wconf 83' lang='lat' dir='ltr'><strong>subvertit:</strong></span> <span class='ocrx_word' id='word_1_303' title='bbox 1231 3215 1298 3264; x_wconf 87' lang='lat' dir='ltr'><strong>‘Ce-</strong></span> 
     </span>
     <span class='ocr_line' id='line_1_34' title="bbox 195 3289 1297 3355; baseline -0.001 -13"><span class='ocrx_word' id='word_1_304' title='bbox 195 3292 254 3355; x_wconf 85' lang='lat' dir='ltr'><strong>bus,</strong></span> <span class='ocrx_word' id='word_1_305' title='bbox 265 3298 294 3342; x_wconf 89' lang='lat' dir='ltr'><strong>et</strong></span> <span class='ocrx_word' id='word_1_306' title='bbox 304 3293 435 3343; x_wconf 77' lang='lat' dir='ltr'><strong>custodisse</strong></span> <span class='ocrx_word' id='word_1_307' title='bbox 446 3308 542 3343; x_wconf 80' lang='lat' dir='ltr'><strong>susem:</strong></span> <span class='ocrx_word' id='word_1_308' title='bbox 566 3293 615 3343; x_wconf 84' lang='lat' dir='ltr'><strong>hoc</strong></span> <span class='ocrx_word' id='word_1_309' title='bbox 626 3308 678 3343; x_wconf 85' lang='lat' dir='ltr'><strong>non</strong></span> <span class='ocrx_word' id='word_1_310' title='bbox 689 3293 727 3342; x_wconf 90' lang='lat' dir='ltr'><strong>di·</strong></span> <span class='ocrx_word' id='word_1_311' title='bbox 767 3296 840 3345; x_wconf 85' lang='lat' dir='ltr'><strong>lebrc</strong></span> <span class='ocrx_word' id='word_1_312' title='bbox 853 3297 921 3344; x_wconf 84' lang='lat' dir='ltr'><strong>inter</strong></span> <span class='ocrx_word' id='word_1_313' title='bbox 932 3297 1099 3342; x_wconf 88' lang='lat' dir='ltr'><strong>accusatores</strong></span> <span class='ocrx_word' id='word_1_314' title='bbox 1115 3289 1216 3339; x_wconf 86' lang='lat' dir='ltr'><strong>Trionis</strong></span> <span class='ocrx_word' id='word_1_315' title='bbox 1226 3290 1297 3355; x_wconf 72' lang='lat' dir='ltr'><strong>inge·</strong></span> 
     </span>
     <span class='ocr_line' id='line_1_35' title="bbox 194 3364 1297 3434; baseline -0.004 -14"><span class='ocrx_word' id='word_1_316' title='bbox 194 3371 233 3420; x_wconf 90' lang='lat' dir='ltr'><strong>cit</strong></span> <span class='ocrx_word' id='word_1_317' title='bbox 253 3371 366 3420; x_wconf 79' lang='lat' dir='ltr'><strong>Tacitus.</strong></span> <span class='ocrx_word' id='word_1_318' title='bbox 400 3367 491 3420; x_wconf 84' lang='lat' dir='ltr'><strong>Clarus</strong></span> <span class='ocrx_word' id='word_1_319' title='bbox 510 3378 665 3434; x_wconf 70' lang='lat' dir='ltr'><strong>sensuam,</strong></span> <span class='ocrx_word' id='word_1_320' title='bbox 682 3372 727 3421; x_wconf 84' lang='lat' dir='ltr'><strong>Sa·</strong></span> <span class='ocrx_word' id='word_1_321' title='bbox 766 3372 838 3420; x_wconf 85' lang='lat' dir='ltr'><strong>nium</strong></span> <span class='ocrx_word' id='word_1_322' title='bbox 854 3376 919 3430; x_wconf 86' lang='lat' dir='ltr'><strong>erut,</strong></span> <span class='ocrx_word' id='word_1_323' title='bbox 936 3367 1091 3430; x_wconf 82' lang='lat' dir='ltr'><strong>avidumque</strong></span> <span class='ocrx_word' id='word_1_324' title='bbox 1113 3364 1190 3415; x_wconf 79' lang='lat' dir='ltr'><strong>iumse</strong></span> <span class='ocrx_word' id='word_1_325' title='bbox 1210 3367 1297 3416; x_wconf 77' lang='lat' dir='ltr'><strong>malae.</strong></span> 
     </span>
     <span class='ocr_line' id='line_1_36' title="bbox 194 3441 1297 3513; baseline -0.002 -19"><span class='ocrx_word' id='word_1_326' title='bbox 194 3444 285 3495; x_wconf 86' lang='lat' dir='ltr'><strong>binum</strong></span> <span class='ocrx_word' id='word_1_327' title='bbox 296 3445 427 3510; x_wconf 49' lang='lat' dir='ltr'><strong>‘Nicopoli</strong></span> <span class='ocrx_word' id='word_1_328' title='bbox 443 3446 546 3495; x_wconf 84' lang='lat' dir='ltr'><strong>demum</strong></span> <span class='ocrx_word' id='word_1_329' title='bbox 567 3447 725 3510; x_wconf 73' lang='lat' dir='ltr'><strong>cognovisse,</strong></span> <span class='ocrx_word' id='word_1_330' title='bbox 766 3445 862 3495; x_wconf 81' lang='lat' dir='ltr'><strong>Statim</strong></span> <span class='ocrx_word' id='word_1_331' title='bbox 874 3445 984 3513; x_wconf 88' lang='lat' dir='ltr'><strong>corripit</strong></span> <span class='ocrx_word' id='word_1_332' title='bbox 1002 3458 1083 3505; x_wconf 86' lang='lat' dir='ltr'><strong>reum,</strong></span> <span class='ocrx_word' id='word_1_333' title='bbox 1094 3444 1149 3492; x_wconf 81' lang='lat' dir='ltr'><strong>adit</strong></span> <span class='ocrx_word' id='word_1_334' title='bbox 1162 3441 1297 3506; x_wconf 87' lang='lat' dir='ltr'><strong>consules,&#39;</strong></span> 
     </span>
     <span class='ocr_line' id='line_1_37' title="bbox 195 3521 817 3589; baseline 0.006 -18"><span class='ocrx_word' id='word_1_335' title='bbox 195 3523 266 3588; x_wconf 83' lang='lat' dir='ltr'><strong>quod</strong></span> <span class='ocrx_word' id='word_1_336' title='bbox 287 3521 364 3572; x_wconf 74' lang='lat' dir='ltr'><strong>falsus</strong></span> <span class='ocrx_word' id='word_1_337' title='bbox 388 3523 432 3572; x_wconf 88' lang='lat' dir='ltr'><strong>illo</strong></span> <span class='ocrx_word' id='word_1_338' title='bbox 459 3526 568 3587; x_wconf 86' lang='lat' dir='ltr'><strong>Drusus,</strong></span> <span class='ocrx_word' id='word_1_339' title='bbox 589 3525 727 3589; x_wconf 78' lang='lat' dir='ltr'><strong>diiigenter</strong></span> <span class='ocrx_word' id='word_1_340' title='bbox 766 3524 817 3570; x_wconf 69' lang='lat' dir='ltr'><strong>&amp;o</strong></span> 
     </span>
    </p>

    <p class='ocr_par' dir='ltr' id='par_1_14' title="bbox 194 3594 1297 3963">
     <span class='ocr_line' id='line_1_38' title="bbox 194 3594 1296 3663; baseline 0.001 -16"><span class='ocrx_word' id='word_1_341' title='bbox 194 3599 381 3661; x_wconf 77' lang='lat' dir='ltr'><strong>interrogatus,</strong></span> <span class='ocrx_word' id='word_1_342' title='bbox 399 3598 515 3663; x_wconf 86' lang='lat' dir='ltr'><strong>quisnam</strong></span> <span class='ocrx_word' id='word_1_343' title='bbox 527 3599 604 3662; x_wconf 82' lang='lat' dir='ltr'><strong>foret,</strong></span> <span class='ocrx_word' id='word_1_344' title='bbox 615 3602 726 3662; x_wconf 81' lang='lat' dir='ltr'><strong>dixerat,</strong></span> <span class='ocrx_word' id='word_1_345' title='bbox 800 3595 861 3644; x_wconf 70' lang='lat' dir='ltr'><strong>Fotl</strong></span> <span class='ocrx_word' id='word_1_346' title='bbox 887 3595 1050 3659; x_wconf 70' lang='lat' dir='ltr'><strong>experientia</strong></span> <span class='ocrx_word' id='word_1_347' title='bbox 1075 3595 1120 3643; x_wconf 74' lang='lat' dir='ltr'><strong>ille</strong></span> <span class='ocrx_word' id='word_1_348' title='bbox 1146 3594 1241 3649; x_wconf 75' lang='lat' dir='ltr'><strong>dicitur</strong></span> <span class='ocrx_word' id='word_1_349' title='bbox 1269 3594 1296 3645; x_wconf 77' lang='lat' dir='ltr'><strong>ln</strong></span> 
     </span>
     <span class='ocr_line' id='line_1_39' title="bbox 195 3670 1296 3739; baseline -0.007 -13"><span class='ocrx_word' id='word_1_350' title='bbox 195 3688 226 3726; x_wconf 85' lang='lat' dir='ltr'><strong>se</strong></span> <span class='ocrx_word' id='word_1_351' title='bbox 238 3673 277 3723; x_wconf 90' lang='lat' dir='ltr'><strong>M.</strong></span> <span class='ocrx_word' id='word_1_352' title='bbox 287 3675 376 3723; x_wconf 83' lang='lat' dir='ltr'><strong>Silano</strong></span> <span class='ocrx_word' id='word_1_353' title='bbox 387 3675 521 3738; x_wconf 78' lang='lat' dir='ltr'><strong>genitum:</strong></span> <span class='ocrx_word' id='word_1_354' title='bbox 545 3682 572 3724; x_wconf 80' lang='lat' dir='ltr'><strong>ct</strong></span> <span class='ocrx_word' id='word_1_355' title='bbox 584 3676 651 3739; x_wconf 88' lang='lat' dir='ltr'><strong>quod</strong></span> <span class='ocrx_word' id='word_1_356' title='bbox 662 3677 726 3724; x_wconf 90' lang='lat' dir='ltr'><strong>mul·</strong></span> <span class='ocrx_word' id='word_1_357' title='bbox 766 3671 837 3720; x_wconf 88' lang='lat' dir='ltr'><strong>Diai.</strong></span> <span class='ocrx_word' id='word_1_358' title='bbox 853 3670 886 3720; x_wconf 89' lang='lat' dir='ltr'><strong>de</strong></span> <span class='ocrx_word' id='word_1_359' title='bbox 908 3671 986 3736; x_wconf 88' lang='lat' dir='ltr'><strong>Orat.</strong></span> <span class='ocrx_word' id='word_1_360' title='bbox 1009 3672 1150 3720; x_wconf 81' lang='lat' dir='ltr'><strong>‘Locrosae</strong></span> <span class='ocrx_word' id='word_1_361' title='bbox 1175 3670 1249 3733; x_wconf 81' lang='lat' dir='ltr'><strong>liujus</strong></span> <span class='ocrx_word' id='word_1_362' title='bbox 1267 3674 1296 3718; x_wconf 83' lang='lat' dir='ltr'><strong>et</strong></span> 
     </span>
     <span class='ocr_line' id='line_1_40' title="bbox 194 3745 1297 3827; baseline -0.009 -27"><span class='ocrx_word' id='word_1_363' title='bbox 194 3750 230 3807; x_wconf 81' lang='lat' dir='ltr'><strong>tis</strong></span> <span class='ocrx_word' id='word_1_364' title='bbox 256 3749 412 3798; x_wconf 82' lang='lat' dir='ltr'><strong>sectatorom</strong></span> <span class='ocrx_word' id='word_1_365' title='bbox 435 3750 542 3813; x_wconf 88' lang='lat' dir='ltr'><strong>dilapsis</strong></span> <span class='ocrx_word' id='word_1_366' title='bbox 573 3751 728 3800; x_wconf 78' lang='lat' dir='ltr'><strong>ascenderat</strong></span> <span class='ocrx_word' id='word_1_367' title='bbox 766 3745 1109 3827; x_wconf 52' lang='lat' dir='ltr'><strong>swguiuantiseioqueutiae</strong></span> <span class='ocrx_word' id='word_1_368' title='bbox 1126 3757 1297 3805; x_wconf 82' lang='lat' dir='ltr'><strong>ususreceus,</strong></span> 
     </span>
     <span class='ocr_line' id='line_1_41' title="bbox 194 3821 1296 3889; baseline -0.005 -15"><span class='ocrx_word' id='word_1_369' title='bbox 194 3840 299 3886; x_wconf 81' lang='lat' dir='ltr'><strong>novem,</strong></span> <span class='ocrx_word' id='word_1_370' title='bbox 318 3832 440 3889; x_wconf 84' lang='lat' dir='ltr'><strong>tanquam</strong></span> <span class='ocrx_word' id='word_1_371' title='bbox 463 3825 564 3874; x_wconf 87' lang='lat' dir='ltr'><strong>ltaliam</strong></span> <span class='ocrx_word' id='word_1_372' title='bbox 587 3827 725 3888; x_wconf 88' lang='lat' dir='ltr'><strong>petiturus.</strong></span> <span class='ocrx_word' id='word_1_373' title='bbox 766 3824 795 3870; x_wconf 86' lang='lat' dir='ltr'><strong>ei</strong></span> <span class='ocrx_word' id='word_1_374' title='bbox 812 3823 885 3870; x_wconf 80' lang='lat' dir='ltr'><strong>malis</strong></span> <span class='ocrx_word' id='word_1_375' title='bbox 900 3821 1013 3871; x_wconf 90' lang='lat' dir='ltr'><strong>moribus</strong></span> <span class='ocrx_word' id='word_1_376' title='bbox 1034 3827 1119 3880; x_wconf 81' lang='lat' dir='ltr'><strong>nutus,</strong></span> <span class='ocrx_word' id='word_1_377' title='bbox 1141 3828 1226 3882; x_wconf 81' lang='lat' dir='ltr'><strong>atque,</strong></span> <span class='ocrx_word' id='word_1_378' title='bbox 1247 3821 1296 3869; x_wconf 75' lang='lat' dir='ltr'><strong>irc.</strong></span> 
     </span>
     <span class='ocr_line' id='line_1_42' title="bbox 195 3893 1092 3963; baseline -0.007 -15"><span class='ocrx_word' id='word_1_379' title='bbox 195 3900 308 3963; x_wconf 83' lang='lat' dir='ltr'><strong>Scripsit</strong></span> <span class='ocrx_word' id='word_1_380' title='bbox 318 3914 380 3963; x_wconf 78' lang='lat' dir='ltr'><strong>ergo</strong></span> <span class='ocrx_word' id='word_1_381' title='bbox 392 3901 446 3948; x_wconf 81' lang='lat' dir='ltr'><strong>haec</strong></span> <span class='ocrx_word' id='word_1_382' title='bbox 457 3899 561 3948; x_wconf 86' lang='lat' dir='ltr'><strong>Tiberio</strong></span> <span class='ocrx_word' id='word_1_383' title='bbox 576 3900 693 3949; x_wconf 78' lang='lat' dir='ltr'><strong>Sabinus.</strong></span> <span class='ocrx_word' id='word_1_384' title='bbox 766 3898 887 3946; x_wconf 86' lang='lat' dir='ltr'><strong>inlocum</strong></span> <span class='ocrx_word' id='word_1_385' title='bbox 899 3898 944 3947; x_wconf 89' lang='lat' dir='ltr'><strong>teli</strong></span> <span class='ocrx_word' id='word_1_386' title='bbox 954 3893 1092 3959; x_wconf 63' lang='lat' dir='ltr'><strong>repertus)</strong></span> 
     </span>
    </p>

    <p class='ocr_par' dir='ltr' id='par_1_15' title="bbox 192 3969 1297 4267">
     <span class='ocr_line' id='line_1_43' title="bbox 228 3969 1297 4038; baseline -0.005 -13"><span class='ocrx_word' id='word_1_387' title='bbox 228 3975 267 4025; x_wconf 88' lang='lat' dir='ltr'><strong>Ut</strong></span> <span class='ocrx_word' id='word_1_388' title='bbox 286 3983 358 4038; x_wconf 89' lang='lat' dir='ltr'><strong>puto,</strong></span> <span class='ocrx_word' id='word_1_389' title='bbox 377 3973 467 4024; x_wconf 83' lang='lat' dir='ltr'><strong>fulsum</strong></span> <span class='ocrx_word' id='word_1_390' title='bbox 478 3974 584 4024; x_wconf 88' lang='lat' dir='ltr'><strong>dicebat</strong></span> <span class='ocrx_word' id='word_1_391' title='bbox 600 3975 644 4022; x_wconf 88' lang='lat' dir='ltr'><strong>iile</strong></span> <span class='ocrx_word' id='word_1_392' title='bbox 651 3974 727 4038; x_wconf 87' lang='lat' dir='ltr'><strong>juve·</strong></span> <span class='ocrx_word' id='word_1_393' title='bbox 800 3973 939 4035; x_wconf 76' lang='lat' dir='ltr'><strong>Exercitus]</strong></span> <span class='ocrx_word' id='word_1_394' title='bbox 956 3975 1087 4024; x_wconf 83' lang='lat' dir='ltr'><strong>Quantum</strong></span> <span class='ocrx_word' id='word_1_395' title='bbox 1105 3970 1184 4018; x_wconf 87' lang='lat' dir='ltr'><strong>distet</strong></span> <span class='ocrx_word' id='word_1_396' title='bbox 1201 3969 1297 4020; x_wconf 84' lang='lat' dir='ltr'><strong>forensi</strong></span> 
     </span>
     <span class='ocr_line' id='line_1_44' title="bbox 193 4046 1297 4114; baseline -0.004 -14"><span class='ocrx_word' id='word_1_397' title='bbox 193 4050 309 4114; x_wconf 85' lang='lat' dir='ltr'><strong>nis‚cuur</strong></span> <span class='ocrx_word' id='word_1_398' title='bbox 318 4051 417 4101; x_wconf 88' lang='lat' dir='ltr'><strong>diceret</strong></span> <span class='ocrx_word' id='word_1_399' title='bbox 424 4067 452 4100; x_wconf 90' lang='lat' dir='ltr'><strong>se</strong></span> <span class='ocrx_word' id='word_1_400' title='bbox 461 4053 499 4101; x_wconf 92' lang='lat' dir='ltr'><strong>M.</strong></span> <span class='ocrx_word' id='word_1_401' title='bbox 506 4050 592 4100; x_wconf 84' lang='lat' dir='ltr'><strong>Silano</strong></span> <span class='ocrx_word' id='word_1_402' title='bbox 602 4050 725 4114; x_wconf 81' lang='lat' dir='ltr'><strong>genitum.</strong></span> <span class='ocrx_word' id='word_1_403' title='bbox 766 4049 890 4103; x_wconf 80' lang='lat' dir='ltr'><strong>iucundis</strong></span> <span class='ocrx_word' id='word_1_404' title='bbox 900 4049 1028 4112; x_wconf 85' lang='lat' dir='ltr'><strong>turbaque</strong></span> <span class='ocrx_word' id='word_1_405' title='bbox 1038 4046 1167 4095; x_wconf 86' lang='lat' dir='ltr'><strong>exercitus</strong></span> <span class='ocrx_word' id='word_1_406' title='bbox 1174 4052 1270 4106; x_wconf 73' lang='lat' dir='ltr'><strong>orator,</strong></span> <span class='ocrx_word' id='word_1_407' title='bbox 1281 4061 1297 4096; x_wconf 83' lang='lat' dir='ltr'><strong>a</strong></span> 
     </span>
     <span class='ocr_line' id='line_1_45' title="bbox 193 4122 1296 4187; baseline -0.007 -9"><span class='ocrx_word' id='word_1_408' title='bbox 193 4128 247 4178; x_wconf 82' lang='lat' dir='ltr'><strong>Sed</strong></span> <span class='ocrx_word' id='word_1_409' title='bbox 270 4134 356 4177; x_wconf 79' lang='lat' dir='ltr'><strong>tumen</strong></span> <span class='ocrx_word' id='word_1_410' title='bbox 375 4134 547 4187; x_wconf 77' lang='lat' dir='ltr'><strong>resonuerat,</strong></span> <span class='ocrx_word' id='word_1_411' title='bbox 566 4125 591 4174; x_wconf 89' lang='lat' dir='ltr'><strong>id</strong></span> <span class='ocrx_word' id='word_1_412' title='bbox 610 4125 727 4174; x_wconf 88' lang='lat' dir='ltr'><strong>solertius</strong></span> <span class='ocrx_word' id='word_1_413' title='bbox 766 4125 823 4173; x_wconf 79' lang='lat' dir='ltr'><strong>viro</strong></span> <span class='ocrx_word' id='word_1_414' title='bbox 832 4123 1003 4173; x_wconf 79' lang='lat' dir='ltr'><strong>inexercitato</strong></span> <span class='ocrx_word' id='word_1_415' title='bbox 1016 4128 1043 4171; x_wconf 89' lang='lat' dir='ltr'><strong>et</strong></span> <span class='ocrx_word' id='word_1_416' title='bbox 1056 4122 1296 4185; x_wconf 82' lang='lat' dir='ltr'><strong>inexperto,quam·</strong></span> 
     </span>
     <span class='ocr_line' id='line_1_46' title="bbox 192 4196 1295 4267; baseline -0.007 -13"><span class='ocrx_word' id='word_1_417' title='bbox 192 4206 384 4267; x_wconf 79' lang='lat' dir='ltr'><strong>interrogatum</strong></span> <span class='ocrx_word' id='word_1_418' title='bbox 393 4202 505 4253; x_wconf 76' lang='lat' dir='ltr'><strong>dixisse:</strong></span> <span class='ocrx_word' id='word_1_419' title='bbox 524 4202 655 4253; x_wconf 86' lang='lat' dir='ltr'><strong>sictamcn</strong></span> <span class='ocrx_word' id='word_1_420' title='bbox 668 4215 726 4256; x_wconf 84' lang='lat' dir='ltr'><strong>cou-</strong></span> <span class='ocrx_word' id='word_1_421' title='bbox 766 4201 806 4252; x_wconf 86' lang='lat' dir='ltr'><strong>ris</strong></span> <span class='ocrx_word' id='word_1_422' title='bbox 817 4199 923 4264; x_wconf 86' lang='lat' dir='ltr'><strong>diserto,</strong></span> <span class='ocrx_word' id='word_1_423' title='bbox 941 4203 1015 4264; x_wconf 84' lang='lat' dir='ltr'><strong>putet</strong></span> <span class='ocrx_word' id='word_1_424' title='bbox 1035 4213 1069 4249; x_wconf 83' lang='lat' dir='ltr'><strong>ex</strong></span> <span class='ocrx_word' id='word_1_425' title='bbox 1087 4196 1156 4248; x_wconf 90' lang='lat' dir='ltr'><strong>Dial.</strong></span> <span class='ocrx_word' id='word_1_426' title='bbox 1173 4196 1207 4247; x_wconf 88' lang='lat' dir='ltr'><strong>de</strong></span> <span class='ocrx_word' id='word_1_427' title='bbox 1219 4197 1295 4247; x_wconf 82' lang='lat' dir='ltr'><strong>Oret.</strong></span> 
     </span>
    </p>
   </div>
   <div class='ocr_carea' id='block_1_9' title="bbox 0 0 1542 4917">
    <p class='ocr_par' dir='ltr' id='par_1_16' title="bbox 0 0 1542 4917">
     <span class='ocr_line' id='line_1_47' title="bbox 0 0 1542 4917; baseline 0 2"><span class='ocrx_word' id='word_1_428' title='bbox 0 0 1542 4917; x_wconf 95' lang='lat' dir='ltr'><strong> </strong></span> 
     </span>
    </p>
   </div>
  </div>
 </body>
</html>
