3075 4917
270 407 343 472 ‘854
419 434 425 441 ·
644 421 674 468 c.
698 418 880 467 conuacrr
903 419 1030 466 racrrr
1216 420 1378 484 [aures.

277 564 437 650 pudorem
460 567 531 628 aut¹¹
554 562 677 645 SeJ'ano
699 560 856 626 invidiam
881 561 1057 626 allaturum
1079 562 1202 627 censui.
1224 561 1245 603 ⁴*
1268 561 1378 627 Versa

277 671 329 731 est
343 665 482 741 somma,
501 669 535 728 et
547 664 602 728 ille
617 664 764 748 quidem,
781 664 840 748 qui
862 663 1037 745 collegam>
1058 668 1093 727 ct
1117 684 1270 744 generum
1289 665 1377 728 asci-

276 772 379 845 verat,
395 768 460 831 sibi
473 767 630 849 ignoscit:
654 768 764 843 ceteri,
779 784 880 849 quem
902 785 962 849 per
982 764 1145 828 dedecora
1162 764 1283 843 fovere,
1299 785 1377 828 cum

278 868 404 933 scelere
417 867 629 932 insectantur.
662 866 684 908 *
701 866 859 930 Miserius
873 867 928 943 sit,
943 866 986 928 ob
1001 865 1183 928 amicitiam
1197 866 1376 942 accusari,1

278 987 320 1031 an
335 970 480 1032 amicum
495 977 677 1046 accusarat
698 967 789 1043 haud
812 967 1033 1031 discreverim.
1064 967 1086 1009 *
1102 966 1182 1030 Non
1204 967 1377 1031 crudelita-

277 1153 331 1202 cua,
340 1144 386 1189 ast
395 1139 491 1203 Sejano
502 1139 585 1189 amico
596 1140 684 1190 odium
701 1140 901 1203 importaturam
920 1142 1084 1201 existimavi;
1101 1157 1169 1192 nunc
1179 1157 1241 1192 vero
1252 1154 1311 1192 cum
1322 1156 1377 1191 mc·

275 1210 335 1269 'tata
345 1211 385 1253 est
400 1203 512 1268 fortuna,
531 1211 559 1252 et
577 1204 621 1253 ille
633 1204 735 1268 quidem
753 1205 801 1265 sibi
822 1205 916 1268 parcit,
928 1207 971 1268 qni
986 1214 1132 1256 consortem
1144 1207 1246 1270 imperii
1258 1207 1378 1270 sejanum

279 1282 451 1332 generumque
473 1274 637 1318 assumserat.
670 1267 724 1318 Alii
741 1283 793 1317 non
810 1271 865 1318 sine
885 1270 984 1318 sceiere
1000 1270 1156 1320 invehuntur
1174 1272 1199 1319 in
1210 1286 1267 1319 eum
1285 1271 1378 1334 ipsum,

277 1345 354 1396 quem
366 1346 413 1395 per
423 1330 523 1394 flagitia
533 1334 638 1381 coluere
650 1347 681 1381 ac
692 1332 868 1393 celebravere,
880 1348 928 1382 nec
940 1340 1013 1383 certe
1024 1332 1101 1384 facile
1113 1336 1257 1396 intellectu,
1267 1350 1299 1383 an
1311 1335 1377 1383 cala·

277 1395 397 1445 mitosius
409 1395 443 1445 sit
452 1395 548 1445 deferri
566 1402 677 1460 propter
688 1397 837 1461 amicitiam,
853 1412 886 1446 an
902 1397 1012 1447 amicum
1030 1397 1140 1449 deferre.
1175 1400 1231 1463 ligo
1242 1413 1293 1448 uon
1304 1399 1378 1448 savi-

738 1540 916 1561 annuunt

311 1626 323 1669 1
343 1620 506 1671 Boxhornins
518 1621 625 1686 omittit,
636 1623 754 1674 amasa.-
770 1639 831 1674 mox
841 1624 973 1689 emendat,
991 1625 1093 1674 amicum
1105 1624 1220 1673 amauri.
1253 1621 1377 1673 Pessime.

784 1763 892 1813 NOTAE

239 1932 244 1937 ,
311 1881 402 1931 ”Mitt
410 1882 810 1947 pudorem,out]'Arooraoprirrov
847 1883 908 1934 iude
926 1883 1022 1933 miseros
1040 1883 1114 1943 dicit,
1135 1881 1178 1946 qni
1197 1881 1333 1945 prodendo
1350 1881 1380 1930 fi·

277 1968 311 2005 ex
321 1957 440 2006 oratione
460 1958 603 2021 cujuspiam
620 1958 757 2008 damnandi
774 1961 808 2010 ob
848 1959 907 2009 dem
918 1964 946 2008 et
956 1958 1083 2022 ejurando
1099 1957 1209 2005 nicrum
1224 1970 1285 2005 aeae
1296 1962 1380 2005 tutan·

277 2030 408 2094 Sejanus,
419 2032 457 2081 nti
469 2040 497 2081 et
507 2047 618 2099 sequens
628 2035 781 2086 membrum.
849 2042 900 2095 tur,
911 2043 938 2083 et
949 2035 1003 2099 qui,
1013 2032 1082 2098 quod
1093 2049 1144 2082 non
1158 2032 1307 2082 inficientur
1317 2032 1379 2081 arni·

268 2152 275 2161 ,
311 2111 323 2135 ⁰
347 2104 383 2153 Et
398 2105 439 2154 ille
456 2107 549 2170 quidem
566 2109 608 2172 qui
627 2111 751 2174 collegam]
775 2111 807 2160 Id
847 2112 944 2171 citiam,
955 2112 982 2159 in
993 2110 1109 2173 periculo
1120 2116 1264 2158 versantur.

268 2193 379 2246 ,quoque
399 2196 413 2230 a
434 2183 600 2234 bl.'l'erentio
619 2185 653 2235 ob
668 2186 808 2236 amicitiam
880 2187 986 2235 Scilicet
997 2192 1034 2246 ut,
1048 2200 1106 2234 cum
1116 2184 1246 2248 utrimque
1257 2183 1378 2234 miserum

276 2255 364 2320 Sejani
385 2271 438 2322 reo,
464 2259 523 2308 dnm
541 2275 569 2310 se
587 2260 751 2326 detenderet,
766 2263 808 2313 'l'i-
848 2264 896 2322 sit;
913 2263 972 2310 hinc
983 2264 1045 2326 quia
1060 2259 1194 2322 turpitudo
1213 2260 1298 2320 adest,
1318 2258 1380 2307 inde

276 2331 350 2381 berio
364 2335 560 2399 exprobratum,
571 2336 639 2387 infra
650 2340 669 2388 Ι.
680 2353 720 2388 vr.
743 2340 808 2388 ‘ln
848 2338 908 2403 qnia
932 2338 1029 2388 tulmen
1056 2336 1229 2387 damnationis
1244 2336 1379 2396 imminet3

276 2406 349 2457 sldiae
364 2408 392 2457 ln
412 2411 529 2474 rempub.
544 2412 650 2462 consilia
666 2414 745 2478 caedis
762 2415 808 2464 ad·
848 2413 977 2474 ostendat,
983 2415 1115 2477 justiusse
1125 2412 1260 2461 consilium
1267 2410 1378 2474 cepisse,

275 2498 377 2535 versum
388 2487 581 2550 imperatorem,
593 2491 742 2554 puniantur.
764 2494 807 2542 De
847 2490 919 2548 forti,
932 2498 961 2541 ut
981 2492 1018 2540 illi
1035 2491 1175 2554 putabant,
1191 2490 1264 2539 exitu
1274 2489 1322 2537 bac
1334 2502 1377 2536 aa·

277 2558 391 2610 amicitia
409 2569 437 2610 et
455 2560 556 2625 officiis,
575 2565 643 2616 idem
660 2565 719 2617 finis
734 2573 762 2617 et
780 2576 807 2616 te
848 2581 911 2629 ceps
920 2565 1053 2615 evadendi.
1089 2564 1230 2613 Groneia.

275 2635 392 2700 ‘Cressa
402 2643 429 2687 et
440 2653 487 2687 nos
499 2640 658 2690 absolverit?
882 2644 920 2693 Ob
930 2645 1071 2707 amicitiam]
1087 2644 1165 2691 Forte
1180 2641 1214 2690 ob
1225 2642 1304 2689 solam
1314 2639 1378 2688 anri·

309 2709 429 2761 Liberius
440 2714 524 2763 adhuc
536 2715 679 2766 Gaetulicus
691 2719 808 2782 superio·
847 2719 939 2767 citiam
958 2719 1044 2782 Sejani
1073 2719 1133 2780 iste,
1154 2717 1308 2781 quicumque
1331 2715 1377 2777 sit,

277 2785 313 2835 ris
324 2786 470 2839 Germanice
480 2793 700 2855 regnaaquitana
710 2794 737 2843 in
749 2792 808 2844 eari-
847 2795 1027 2855 accusabatur,
1037 2793 1198 2843 nulliusmali
1210 2791 1310 2842 consilii
1319 2805 1377 2855 par·

276 2860 336 2910 dem
347 2864 501 2914 senteutiam
513 2866 625 2930 scripsit,
635 2870 725 2918 eodem
737 2870 754 2919 Ι.
768 2883 806 2920 rr.
849 2871 942 2935 ticeps,
953 2869 1020 2919 sorte
1030 2870 1115 2918 sciens
1122 2866 1316 2932 conjurationis,
1325 2879 1376 2914 noa

275 2935 456 2988 ‘Affinitatem
473 2941 522 2991 sibi
544 2957 601 2991 eum
622 2943 717 3008 Sejauo
739 2946 806 2996 linud
848 2945 1030 2996 tarnensoeins
1048 2953 1094 2993 aut
1111 2943 1253 3007 particeps,
1261 2947 1378 3003 attamen

276 3023 380 3081 sponte,
389 3017 435 3066 sed
447 3018 550 3068 consilio
561 3019 670 3082 Tiberii,
680 3028 806 3085 creptam:
847 3035 906 3071 rena
918 3020 1069 3084 majestatis,
1085 3019 1153 3083 quod
1169 3031 1221 3066 non
1232 3017 1378 3081 aperuisset

275 3092 384 3156 perinde
404 3108 442 3156 ae,
457 3110 532 3158 quam
550 3096 680 3145 Tiberium
690 3096 745 3146 falli
762 3113 807 3162 pa·
825 3122 830 3130 ,
847 3112 879 3148 ea
899 3097 1007 3146 consilia
1033 3095 1154 3158 principi,
1174 3093 1242 3158 quod
1267 3092 1377 3142 amicum

276 3169 368 3229 tuisse,
389 3184 473 3233 neque
493 3185 604 3219 errorem
628 3173 748 3234 eundem,
767 3175 806 3224 illi
845 3188 919 3223 snum
931 3187 982 3221 nou
995 3177 1150 3221 accusasset

275 3242 332 3292 sine
342 3242 443 3307 frande,
453 3246 511 3295 aliis
521 3248 601 3297 exitio
611 3250 774 3301 babendum!
878 3248 931 3302 Qui
943 3251 982 3298 ita
992 3263 1051 3297 reus
1060 3255 1146 3296 umen
1154 3251 1184 3294 ut
1194 3249 1288 3306 sponte
1296 3256 1378 3293 more·

309 3324 322 3357 Ρ
340 3318 377 3367 Ob
387 3322 518 3370 meum
534 3325 649 3385 oxma,
663 3341 694 3374 ca
704 3328 806 3378 amram
846 3332 928 3386 retur,
937 3323 1006 3388 qnod
1026 3330 1101 3387 patet
1118 3323 1157 3370 his
1178 3320 1279 3368 verbis:
1296 3312 1376 3369 ‘Non

275 3395 396 3458 muare]
411 3398 528 3448 Accam
538 3401 636 3449 «aiem
645 3408 695 3463 est,
708 3401 806 3465 facere,
845 3401 1039 3461 crudelitatem,
1049 3413 1101 3448 non
1118 3397 1282 3446 clementiam
1291 3395 1377 3459 caina-

264 3471 404 3536 quodibi,
415 3475 468 3538 qui,
479 3490 554 3539 qneru
573 3492 619 3539 per
629 3478 759 3529 dedecora
768 3479 805 3531 fo·
845 3492 921 3542 quam
943 3475 1081 3539 experiar!
1122 3474 1164 3523 lta
1184 3489 1242 3522 reus
1264 3479 1293 3521 ut
1308 3471 1378 3521 forte

264 3557 376 3614 nerant,
387 3565 454 3600 nnnc
466 3553 669 3605 insectabantur:
687 3558 757 3623 qnod
767 3559 804 3609 fa.
846 3567 894 3602 nec
912 3553 1039 3612 accusari,
1051 3565 1098 3599 nec
1110 3549 1225 3598 darunari
1242 3548 1303 3611 jure
1320 3560 1376 3610 pos·

275 3625 364 3677 ciebat
374 3630 474 3677 Satrius
486 3629 665 3691 secundina
677 3633 808 3684 enrisoario
846 3638 904 3679 set:
922 3630 1031 3679 moritur
1046 3628 1114 3678 torte
1134 3629 1189 3676 sola
1206 3626 1320 3674 amicitia
1332 3624 1377 3672 Se·

275 3710 305 3754 et
322 3704 436 3754 satellite
458 3706 553 3768 Sejaui,
570 3707 754 3770 conjurationis
768 3710 807 3758 in-
842 3708 899 3771 jani
910 3708 1115 3770 perculsus,sola
1126 3702 1299 3752 istaamicitia
1308 3715 1379 3764 reus,

262 3779 336 3843 dex.
383 3780 428 3843 Hi,
445 3782 522 3835 modo
539 3783 577 3832 sic
593 3782 806 3848 subterfugerent
846 3786 916 3834 nullo
927 3786 977 3832 atio
989 3783 1102 3832 crimine.

273 3854 405 3905 'liberium
422 3857 581 3919 sarrientem,
596 3872 680 3921 neque
691 3859 724 3907 ab
741 3875 807 3924 sese,
878 3862 953 3912 Quod
972 3861 1109 3924 conjicitur
1125 3873 1159 3907 ex
1177 3857 1276 3921 iisquae
1294 3853 1376 3904 infra:

263 3946 392 3997 nequet
412 3935 488 3995 vulgo
507 3948 555 3996 pro
573 3934 805 3984 niudslrabeban·
845 3938 956 4001 ‘Neque
977 3937 1065 3986 Cannar
1082 3936 1140 4002 ullis
1160 3933 1311 3984 criminibus
1330 3937 1376 3979 ant

268 4013 327 4069 tur.
377 4007 415 4058 Ut
437 4010 519 4074 quivis
540 4010 658 4074 improbi,
684 4014 805 4076 quamdin
845 4012 948 4074 probris
974 4010 1125 4061 defunctum
1156 4011 1300 4059 insectatus
1329 4013 1378 4067 est,

275 4097 378 4147 parram
388 4087 497 4137 evitant.
597 4150 601 4155 .
845 4102 905 4136 cnm
926 4089 953 4136 in
973 4089 1097 4149 Blesum,
1118 4090 1167 4137 &a
1189 4078 1376 4143 incusarisset,’

307 4156 347 4207 At
356 4158 399 4208 uie
410 4168 498 4225 noster
515 4177 574 4212 enm
591 4164 750 4230 pbilosophis
759 4165 806 4214 αἱ·
844 4164 1037 4228 qaiarnucalus
1047 4162 1145 4226 Sejani,
1160 4167 1188 4209 et
1197 4160 1243 4225 qni
1250 4157 1320 4208 band
1330 4157 1375 4209 dn·

274 4241 453 4285 moereat
462 4242 491 4286 et
502 4232 566 4286 felix
584 4240 686 4289 meins:
702 4254 734 4290 ac
744 4255 805 4305 per·
843 4237 990 4290 bieseelui
998 4245 1028 4289 et
1044 4235 1218 4302 conjurationi
1233 4233 1375 4301 proximus,
