3075 4917
166 377 327 459 nespjg
528 385 739 437 nuuffluu
764 387 836 437 arn.
859 390 916 438 xr.
1184 366 1272 439 1'043

168 534 486 612 accmetasioderet
510 538 614 598 morte
636 526 802 615 punitos?
824 554 901 618 quae
915 531 1030 611 nimia,
1054 525 1089 597 et
1110 527 1272 597 incertum

169 639 215 701 an
233 635 319 701 falso
328 638 449 721 jacta,⁵
472 634 632 722 originem
652 639 794 723 tamena
808 629 980 704 serenate
995 634 1104 698 Ducis
1118 631 1249 698 traxere
1259 630 1282 697 't-

169 735 396 821 intentumque
410 731 443 801 et
456 736 588 817 magnis
601 733 734 798 delictis
746 735 982 799 inexorabilem
1004 736 1106 812 scias,
1127 735 1184 798 cui
1198 740 1272 799 tan-
1303 757 1308 764 ·

167 843 240 912 tam
253 838 441 922 asperitatis
454 837 556 901 etiam
571 836 730 901 adversus
744 837 834 901 levia
846 836 1049 902 credebatur.
1103 848 1107 852 “

169 992 175 1008 ,
212 941 267 1005 19.
289 938 442 1003 Ceterum
455 939 485 1002 is
500 944 608 1002 terror
620 938 744 1002 milites
756 938 936 1021 hostesque
949 939 984 1010 in
1006 938 1173 1003 diversum
1185 936 1266 1004 affe-

169 1042 236 1105 cit:
269 1058 332 1103 nos
367 1039 518 1103 virtutem
543 1037 715 1102 auximus:
738 1036 892 1102 barbari¹³
912 1038 1069 1102 ferociam
1097 1037 1268 1120 infregere.

170 1140 216 1206 Et
240 1140 330 1205 natio
359 1135 554 1204 Frisiorum¹
575 1144 653 1221 post
676 1138 901 1217 rebellionem,
926 1138 1021 1203 clade
1047 1137 1087 1200 L.
1111 1132 1270 1219 Aproniil

169 1246 327 1323 coeptam,
351 1235 505 1316 infensa)K
526 1245 582 1303 aut
606 1239 694 1301 male
718 1237 799 1315 fida,
827 1238 914 1303 datis
928 1237 1104 1303 obsidibus
1119 1236 1268 1302 consedit

171 1339 263 1426 apud
277 1339 395 1424 agros,¹
416 1362 437 1405 a
451 1339 637 1406 Corbulone
663 1339 858 1422 descriptos.
903 1339 998 1403 Idem
1013 1334 1179 1417 Senatum,
1199 1333 1274 1401 ma÷

167 1487 340 1552 incumberet,
352 1490 592 1553 eapitedamnatos.
627 1490 688 1546 Qnoe
704 1489 837 1552 immotas,
853 1494 877 1539 et
897 1485 992 1538 duliam
1008 1494 1043 1537 est
1061 1503 1092 1536 an
1105 1487 1169 1546 salse
1186 1500 1271 1549 sparsa

167 1552 263 1601 sintin
280 1554 363 1615 majia,
382 1559 486 1603 attamen
504 1554 619 1615 originem
634 1568 735 1603 manere
754 1569 785 1602 ea
803 1555 931 1617 asperitate
953 1552 1103 1601 Corbulonis:
1120 1556 1147 1599 nt
1166 1550 1271 1599 sedulam

167 1615 238 1664 huuc
248 1621 273 1666 et
282 1618 413 1666 mannitus
423 1618 533 1684 flagitiis
542 1618 711 1686 implacabilem
725 1618 797 1681 seius,
806 1618 846 1681 qni
857 1622 930 1667 tanta
941 1616 1075 1666 noemam
1085 1629 1133 1665 esse
1140 1612 1271 1676 pmalatsr

168 1679 243 1728 etiam
253 1682 362 1729 mansas
369 1681 460 1730 minora
469 1682 564 1736 delicta.

206 1744 315 1792 Ceteram
333 1746 355 1792 is
372 1750 448 1793 metus
465 1745 618 1796 &sananda
670 1744 715 1793 ecit
734 1745 852 1800 Romanas
867 1744 1035 1805 barbarasque:
1050 1756 1092 1790 nos
1103 1739 1272 1798 semdadinem

167 1803 319 1870 inmanes,
329 1808 445 1857 Germani
469 1810 606 1857 violentiam
621 1824 647 1856 eo
665 1807 751 1857 tinere.
785 1810 821 1856 Et
829 1823 889 1869 gens
904 1808 1039 1858 Frisiorum
1053 1811 1109 1869 post
1118 1803 1272 1864 Mannum

168 1869 311 1931 inchoatam,
320 1872 385 1920 clade
395 1872 425 1920 1..
435 1871 538 1934 Apronii
547 1871 645 1931 inuecta,
653 1877 695 1919 ont
704 1872 882 1934 parumfldelis‚
890 1874 954 1919 datis
963 1869 1171 1930 assumserim
1181 1866 1273 1929 saepit

166 1933 279 1983 interris
291 1949 306 1983 a
317 1935 446 1984 Corbulone
455 1934 567 1999 definitis.
591 1934 658 1986 loen
669 1933 731 1996 ipsis
741 1938 857 1994 senuaar,
868 1934 1030 1998 mgistratum
1041 1938 1065 1982 et
1075 1934 1138 2000 leges
1145 1932 1271 1995 premitis

595 2029 599 2038 ’
636 2041 813 2065 manuue

99 2165 103 2170 ,
170 2122 459 2188 aggestaatiossenon
470 2121 676 2187 sequeLetinum
706 2137 764 2172 uam
775 2123 1030 2187 sallas,propalovel
1043 2122 1142 2184 stipite.
1159 2120 1184 2169 R
1200 2120 1275 2172 eiius.

170 2194 220 2236 -b
239 2187 613 2251 Puteolanusjannselasem.
646 2138 859 2248 Rednodantgael
876 2193 954 2246 anno.
986 2187 1019 2236 In
1038 2187 1102 2236 Mss.
1122 2191 1150 2233 et
1195 2185 1276 2240 itione

169 2249 369 2316 principe-salsa
385 2256 449 2301 aeta.
481 2251 534 2300 Ms.
554 2248 629 2299 Bodl.
645 2249 710 2310 falso
728 2255 806 2316 aneta.
840 2250 953 2314 Margini
969 2249 1085 2299 additum
1097 2254 1159 2299 aeta.
1191 2249 1275 2297 Recte

171 2314 337 2365 emendatum
350 2315 427 2373 jueta.
461 2314 543 2363 Haud
561 2314 629 2362 enim
648 2314 725 2363 aliter
749 2328 826 2376 supra
843 2313 993 2365 Annal.1v.
1012 2318 1037 2363 l.
1069 2314 1191 2376 ‘Neque
1208 2317 1294 2372 raro,'

171 2392 258 2455 peqae
277 2377 348 2491 paud
366 2392 463 2439 pancos
480 2378 543 2427 talis
558 2377 703 2442 jaciebat&
725 2377 833 2431 Rmtier.
866 2378 1015 2430 Gronovius
1025 2384 1054 2428 et
1065 2376 1183 2441 Ryekius
1194 2375 1276 2427 edunt

134 2494 138 2498 ,
166 2447 283 2507 nactast
301 2445 381 2494 stata.
632 2457 635 2465 ⁴

668 2541 694 2590 N
697 2541 775 2591 OTAE

172 2632 353 2702 bostevicino,
370 2632 466 2696 majore
486 2643 550 2681 cara
567 2645 598 2680 ae
615 2629 707 2680 labore
747 2633 790 2698 tis,
811 2648 857 2683 seu
876 2625 969 2699 Belgio
989 2632 1136 2685 Foederata.
1168 2632 1278 2695 Mema-

173 2706 323 2757 firmantur:
347 2723 407 2757 nam
432 2707 538 2770 singula
566 2706 707 2769 Centaure,
746 2711 812 2758 nias.

173 2780 351 2831 dividentibus
359 2781 601 2845 campiductoribus
609 2781 708 2844 etprin·
777 2782 872 2834 lClade
884 2785 914 2833 1..
930 2779 1045 2846 Aproni]
1077 2786 1120 2834 De
1140 2798 1191 2847 qus
1207 2784 1277 2832 l.rv.

173 2857 260 2920 sipiis,
277 2858 410 2921 accipiunt
422 2857 572 2920 pedaturas,
583 2861 611 2903 et
626 2855 708 2904 scutis
747 2859 789 2908 la.
821 2860 924 2921 Nempe
934 2859 967 2907 ob
978 2859 1050 2908 coria
1060 2858 1147 2919 baum,
1169 2873 1227 2922 quae
1245 2858 1279 2907 sd

173 2932 326 2981 assassinis
339 2930 543 2991 suisiuorbem,
559 2931 631 2980 eirca
649 2944 707 2992 pro·
748 2934 856 2983 sormam
880 2934 946 2996 tergi
964 2935 1075 2982 Urorum
1102 2933 1278 2995 exigerentur,

174 3007 236 3073 pria
256 3009 336 3070 signa,
360 3007 494 3070 depositis,
514 3008 595 3057 cincti
614 3007 709 3071 gladio,
748 3010 809 3073 ipsis
816 3008 907 3072 ¹tributi
915 3009 972 3058 loeo
980 3009 1115 3071 imperata,
1123 3008 1278 3059 rebellarant

174 3081 271 3133 fossam
294 3079 523 3146 aperiunss'lstam
545 3085 590 3132 aut
605 3097 708 3145 novem,
749 3083 833 3150 Frisii.

176 3164 224 3211 snt
234 3155 363 3223 undecim,
379 3165 424 3209 aut
435 3158 561 3209 tredecim
578 3158 709 3223 pedibus,'
751 3181 755 3188 ,
781 3156 911 3219 Helenae]
932 3155 1037 3207 infensa
1046 3161 1140 3222 palam,
1151 3161 1196 3207 aut
1206 3154 1279 3208 dissi·

175 3238 227 3287 eze.
750 3233 870 3281 molendo
880 3234 948 3282 male
959 3232 1020 3282 fida.
1242 3233 1244 3236 ’

210 3312 267 3360 Nan
286 3311 415 3373 aermnae]
448 3309 553 3371 Gladio,
566 3323 670 3371 nempe,
682 3314 710 3356 et
784 3306 914 3357 ¹Consedit
934 3307 997 3371 apud
1017 3307 1100 3370 apos]
1130 3308 1184 3358 Pro
1206 3299 1277 3358 more*
1314 3345 1317 3350 -

176 3387 308 3452 pugione·
329 3387 475 3450 Utrumque
497 3389 599 3448 gestare
620 3383 712 3433 debuit
752 3384 1007 3447 Germanico,terras
1030 3385 1102 3447 alias,
1122 3385 1235 3450 aliasque
1252 3385 1279 3434 in

176 3461 259 3525 miles,
270 3476 321 3514 non
332 3473 430 3524 ensem,
441 3475 492 3510 non
503 3460 642 3523 pugionem
654 3443 719 3508 tun-¹
751 3474 798 3511 sua
817 3460 931 3524 regione,
952 3461 1088 3528 quotannis
1104 3461 1180 3510 Frisii
1197 3467 1280 3526 muts·

178 3541 267 3587 tam·
750 3535 814 3584 bant
834 3535 1007 3600 stabantque3
1025 3537 1065 3584 vel
1086 3542 1168 3585 terras
1186 3536 1281 3596 vicino-

184 3637 189 3644 ·
211 3609 352 3674 imm]
385 3612 487 3673 Nempe
507 3610 632 3661 Germani
650 3624 711 3659 con·
750 3624 807 3657 ram
828 3610 996 3674 invadebant,
1007 3616 1035 3660 et
1055 3612 1085 3659 iis
1104 3610 1282 3674 considebant,

178 3687 285 3736 termini
301 3699 398 3749 omnes,
416 3687 523 3748 Chauci,
542 3686 673 3748 Cherusci,
684 3693 712 3737 et
751 3700 800 3748 pro
811 3701 882 3736 more
893 3688 966 3750 hujus
978 3688 1041 3736 aevi:
1059 3688 1169 3751 ideoque
1187 3687 1219 3735 iis
1237 3686 1281 3735 de·

179 3763 315 3828 praecipue
326 3761 411 3824 Frisii,
421 3761 454 3810 de
464 3760 555 3825 quibus
570 3761 658 3809 statim
670 3760 713 3808 ad·
751 3760 859 3810 liniendi
878 3762 972 3811 limites
991 3762 1104 3824 inerunt,
1114 3768 1141 3811 et
1152 3762 1223 3826 pasis
1243 3760 1281 3809 in·

179 3835 370 3900 dit,.aeeepisse
379 3838 449 3900 leges
458 3843 485 3884 et
495 3849 580 3899 agros,
588 3850 635 3899 pro
638 3836 713 3904 jassa
752 3844 868 3887 tereret:
886 3839 996 3903 ideoque
1016 3841 1097 3889 certis
1114 3839 1181 3902 agris
1193 3837 1282 3887 sedem

181 3918 211 3963 et
221 3912 297 3961 libito
309 3912 470 3962 Corbulonis.
751 3913 832 3978 figere
841 3928 885 3963 eos
891 3915 977 3978 jussit.

215 3988 376 4053 *ibinmmJ
408 3989 484 4043 Frisii
501 3990 713 4060 populiGerm'a·
785 3990 898 4040 Corbulo
925 3991 1012 4052 etiarn,
1037 4006 1070 4040 ne
1097 3997 1181 4040 terras
1205 3987 1284 4040 militi

181 4066 233 4118 nise
253 4066 373 4130 regionis,
389 4066 422 4114 ad
434 4066 567 4115 Oceanum
579 4066 713 4116 Germani-
753 4068 834 4132 Rom„
847 4073 875 4116 et
893 4068 1014 4117 armentis
1025 4067 1182 4132 militaribus
1188 4081 1282 4131 exeep-

182 4141 352 4195 enit-hodie
372 4158 430 4207 pars
449 4143 655 4207 septentrionalis
672 4149 714 4192 cot
754 4148 795 4190 tas
825 4142 1000 4205 irrumperent
1029 4142 1113 4203 Frisii,
1141 4156 1284 4207 pacemque

181 4214 487 4280 alamannicarum
505 4218 715 4268 dominia'anst·
754 4219 830 4269 Rom.
839 4219 982 4282 turbarent,
990 4218 1127 4281 matidiam
1140 4217 1284 4279 immisit,

184 4289 454 4363 inveterascens,
463 4295 491 4346 in
499 4294 644 4347 Provinciis
655 4295 724 4347 Uni.
755 4294 928 4361 amatamque
939 4300 968 4346 et
977 4294 1143 4359 magistratus
1153 4292 1285 4360 imposuit,
