3075 4917
240 377 308 449 tuo
597 397 629 444 c.
646 391 834 443 -couuann
858 387 985 440 ricini
1184 392 1345 460 [suris.

736 550 847 602 uuum
915 533 918 542 '

239 664 372 727 Flaminis,
389 663 513 728 interire,
532 668 690 729 potestatem
702 662 773 711 veni·
811 662 856 726 qui
872 658 929 725 filii,
940 661 1018 712 etiam
1034 661 1173 711 bonoribus
1191 661 1270 722 aucti,
1281 660 1343 712 filias

240 748 318 805 ret,.e
328 740 438 792 maculis
458 740 551 804 patrias
565 739 704 804 potestatis
714 753 774 788 evo·
811 740 889 789 etiam
900 745 999 803 nuptae,
1013 739 1153 790 manebant
1165 746 1250 787 tamen
1260 738 1286 787 iss
1299 752 1345 803 ps»

240 820 345 870 latent:
371 817 439 882 quod
461 824 550 881 patres
577 824 632 867 tam
658 816 774 880 graviter
813 816 859 865 tris
870 822 1011 880 potestate,
1023 821 1052 866 nt
1062 820 1152 865 notum
1162 820 1204 862 est
1223 813 1346 868 euostris

240 890 399 959 molesteque
410 896 532 955 tulerunt,
544 908 619 958 quam
631 893 715 957 patria
728 906 773 955 po·
811 891 919 954 legibus.

242 977 324 1023 testas
336 970 524 1020 inaestimabilis
538 984 580 1019 res
597 975 625 1018 et
636 974 686 1032 est,
696 974 724 1017 et
735 967 773 1016 di·
846 969 884 1016 Re
895 966 1046 1031 deliberata,
1054 967 1190 1017 senatosin
1202 966 1263 1030 ipsis
1272 963 1346 1016 cart-

241 1048 321 1099 citnr.
813 1043 915 1105 moniis,
931 1050 959 1093 et
970 1042 998 1092 in
1009 1044 1068 1107 jure
1081 1042 1202 1092 Flaminis
1211 1041 1275 1090 nibil
1289 1055 1345 1092 snu-

244 1156 251 1162 -
273 1117 415 1188 Duplicsm
431 1137 495 1173 vero
511 1122 656 1187 philologus
675 1135 708 1170 ex
723 1120 774 1170 lsoc
813 1124 869 1169 tat:
886 1119 912 1167 iu
928 1120 990 1183 jure
1008 1118 1157 1168 Flaminica
1171 1118 1345 1176 boematum,

240 1201 300 1251 luco
319 1199 433 1249 fructum
450 1198 564 1248 historiae
585 1202 681 1246 metet:
707 1210 773 1244 unrrs
814 1193 884 1258 quod
903 1208 1034 1243 sacrorum
1054 1207 1132 1242 causo
1153 1193 1179 1240 in
1199 1190 1345 1241 munn·viri

241 1281 292 1337 est,
302 1274 329 1322 in
346 1289 379 1324 ea
394 1272 475 1323 forma
486 1272 599 1335 dicendi,
615 1271 658 1320 ‘in
668 1285 773 1319 manum
814 1276 863 1331 est,
881 1275 971 1319 cetera
982 1269 1009 1318 in
1020 1283 1096 1317 mann
1108 1274 1136 1317 et
1156 1273 1290 1331 potestate
1301 1280 1347 1330 pas

241 1348 398 1410 aaronis&
411 1348 482 1412 quod
491 1347 536 1396 alii
548 1348 575 1395 iss
584 1345 772 1407 mbimaism
813 1345 868 1404 tris,
880 1346 949 1395 sieut
959 1346 1017 1395 alirs
1028 1344 1150 1396 fmusiuae·

241 1432 272 1475 ut
282 1423 397 1487 Agellius
409 1436 489 1473 xvrsr.
499 1428 525 1472 d.
541 1427 568 1472 et
583 1421 622 1469 itu
636 1436 652 1469 a
668 1420 774 1483 Papini·
846 1422 889 1471 De
902 1420 1108 1471 confarreatiooe
1119 1419 1200 1469 multa
1211 1417 1289 1468 docte
1300 1432 1346 1468 no-

240 1513 291 1552 ane
302 1500 438 1563 Pauloque
449 1498 574 1560 scriptum
585 1494 703 1545 referunt
712 1494 774 1544 libri
814 1501 879 1560 tatn,
889 1503 917 1546 et
935 1510 968 1545 ex
987 1495 1103 1545 omnibus
1122 1496 1229 1553 clarum,
1242 1500 1346 1548 sanetas

241 1575 408 1639 Digestorum
418 1572 531 1623 Etrusci.
813 1573 917 1623 liabitas
930 1587 973 1621 ess
982 1569 1163 1635 nuptias,ideo
1176 1569 1255 1633 prisci
1265 1568 1345 1617 moris
1401 1633 1407 1638 Ι

274 1650 351 1702 Alter
377 1648 476 1699 fructus
503 1647 645 1710 percipitur
670 1659 705 1696 ex
732 1660 774 1710 eo,
812 1633 1016 1699 servantissimo!
1049 1647 1177 1710 Apuleius
1209 1644 1346 1707 Cupidinis

241 1724 311 1790 quod
329 1723 392 1785 lilia,
412 1738 469 1790 quse
487 1722 597 1771 Flamini
616 1720 773 1784 farreatione
811 1725 909 1789 nuptiis
928 1738 985 1773 eam
1004 1722 1120 1783 adhibet,
1132 1722 1189 1769 loco
1201 1720 1278 1781 vulgo
1289 1733 1348 1768 cor·

240 1801 381 1863 nupsisset,
392 1799 419 1848 in
430 1798 526 1860 mariti,
537 1813 589 1847 nou
600 1799 679 1847 etiam
690 1798 774 1860 patris
813 1808 899 1864 rupto,
908 1816 986 1865 quens
996 1799 1105 1850 emendo
1116 1796 1165 1858 sic,
1175 1797 1194 1845 l.
1206 1797 1248 1845 v.‘
1259 1796 1347 1858 Miles,

240 1889 319 1928 sumu
340 1874 406 1926 fuit:
424 1876 527 1925 tametsi
539 1874 775 1937 nuptspercoe'm·
812 1880 869 1941 Ego
888 1891 948 1926 vero
970 1888 1086 1925 sororem
1106 1879 1185 1932 iussn,
1205 1878 1233 1921 et
1252 1886 1345 1921 nomen

190 1957 195 1966 ’
241 1952 346 2015 donem,
356 1967 405 2004 nec
415 1952 587 2014 emancipata,
602 1952 628 1999 iu
646 1951 729 2013 patris
745 1956 774 2000 st
814 1969 865 2019 qno
877 1960 906 2002 tu
916 1952 1038 2014 censeris,
1046 1949 1143 2010 aiebat,
1150 1949 1206 2013 jam
1217 1947 1279 1995 mibi
1287 1960 1346 1997 cun.

241 2028 329 2078 mariti
340 2034 473 2092 potestate
484 2027 573 2077 fuerit.
597 2028 707 2077 Vestrum
813 2028 934 2077 farreatis
945 2021 1041 2091 nuptiis
1052 2024 1215 2089 conjugabo)
1227 2025 1331 2075 Merces.

246 2133 249 2142 ι
273 2102 327 2155 Qui
355 2103 440 2165 patria
461 2107 593 2166 potestate
619 2101 774 2164 liberantur,
845 2110 859 2135 ⁸
876 2105 900 2151 E
914 2103 972 2163 jare
984 2103 1076 2166 patrio]
1105 2100 1173 2152 Quin
1190 2099 1249 2148 ideo
1266 2099 1344 2148 etiam

241 2177 381 2241 diqnaudo
393 2178 487 2241 »capite
503 2178 662 2241 mluuuntuq
681 2186 709 2226 ut
728 2178 783 2241 qui.
813 2180 973 2231 confameari
990 2179 1051 2228 novi
1066 2178 1153 2227 mmiti
1164 2178 1269 2237 nolunt,
1286 2175 1347 2240 quia

241 2253 451 2316 emancipantur:
468 2254 615 2303 venduntur
628 2255 708 2304 enirn:
729 2254 773 2303 tli-
814 2256 901 2305 sciunt
918 2262 1076 2318 potestatem
1095 2253 1207 2316 patriam
1227 2251 1284 2301 tolli
1295 2251 1346 2300 isto

240 2327 345 2393 quando
355 2343 421 2389 non3
438 2335 468 2378 ut
483 2330 545 2378 olim
556 2330 599 2393 qui
609 2329 705 2378 fiebant
716 2330 774 2380 Fla·
813 2332 969 2394 sacerdotio,
980 2332 1080 2395 sibique
1090 2330 1152 2379 nibil
1162 2330 1271 2392 amplius
1278 2326 1347 2391 juris

241 2402 326 2458 mines
347 2404 450 2464 Diales,
469 2402 546 2453 bodie
568 2403 613 2467 qui
640 2404 772 2467 Episcopi.
813 2408 929 2457 futurum
953 2408 980 2456 in
999 2406 1053 2456 tilio
1075 2406 1198 2469 bonisque
1219 2406 1283 2467 ejus,
1301 2403 1347 2469 qui

241 2479 286 2536 Ne,
305 2479 325 2536 ii
346 2480 450 2544 quidem
473 2480 560 2541 eapite
581 2479 773 2543 minuebantur,
813 2484 919 2534 Flamen
930 2488 1033 2531 oreatus
1049 2488 1128 2544 esset,
1147 2480 1256 2544 parique
1268 2480 1345 2531 modo

242 2556 287 2621 qui
296 2556 712 2621 mortapatriafisbautjurissui.
812 2560 839 2610 in
851 2559 913 2623 filia,
930 2574 988 2623 quse
1003 2558 1113 2606 Flamini
1123 2557 1262 2619 nupsisset.
1295 2556 1347 2605 Po·

272 2632 464 2692 liberabantur
472 2639 500 2681 et
508 2633 655 2693 Flaminica,
663 2631 774 2682 {iebant-
814 2643 894 2686 testas
905 2641 1009 2698 patruus
1020 2635 1047 2683 iu
1060 2633 1128 2682 filios
1146 2633 1267 2697 maxims,
1287 2649 1344 2697 qna

240 2720 291 2771 qus
301 2707 330 2756 in
340 2708 389 2756 siri
399 2715 540 2770 potestate,
551 2708 611 2756 dum
625 2709 774 2757 cmsesirent
814 2713 892 2760 etiam
910 2711 1065 2760 anctoritate
1089 2710 1288 2773 magistratuum
1304 2709 1345 2774 ip·

239 2782 380 2834 lausonam.
404 2784 556 2846 Quanquam
567 2785 662 2847 alioqui
675 2784 773 2846 nuptiae
814 2803 951 2851 serumque
963 2787 1103 2837 Consulum
1111 2786 1194 2851 major
1204 2784 1262 2835 fuit.
1282 2786 1346 2836 Dic-

241 2873 294 2909 non
305 2860 418 2908 liberent
429 2873 444 2908 a
456 2866 587 2921 potestate
601 2859 698 2921 patria:
716 2874 773 2907 uam
813 2878 869 2926 uys.
880 2864 900 2912 l.
908 2877 940 2913 ιι.
952 2864 1090 2911 ‘Romulus
1098 2862 1230 2924 legislator
1236 2875 1346 2925 omnem,

241 2941 270 2988 et
281 2933 348 2984 filius
361 2936 405 2998 qui
424 2949 531 2984 uxorem
549 2935 631 2995 duxit,
648 2942 736 2990 manet
746 2937 774 2984 iu
813 2944 843 2986 ut
862 2939 900 2986 ita
918 2939 1010 2998 dicam,
1022 2944 1180 3000 potestatem
1191 2937 1261 3000 patri
1271 2937 1347 2987 dedit

241 3016 372 3074 potestate
383 3012 474 3074 patris,
492 3018 520 3060 et
531 3012 583 3061 filia
595 3010 705 3064 familias
715 3027 774 3077 quse
812 3012 838 3062 in
856 3013 946 3075 lilium,
965 3014 1042 3076 idque
1060 3019 1118 3062 toto
1136 3013 1198 3062 vitae
1217 3020 1345 3076 tempore,

240 3085 338 3149 nupsit.
372 3086 498 3150 Ulpianus
513 3089 554 3137 tit.
568 3094 607 3138 10.
625 3090 674 3137 ‘In
690 3096 776 3153 potes·
813 3088 867 3136 sive
878 3103 937 3137 enm
948 3090 974 3137 in
986 3103 1118 3137 carcerem
1130 3088 1279 3151 detrudere,
1290 3089 1345 3140 sive

241 3165 299 3220 tate
321 3170 457 3223 parentum
476 3178 533 3212 esse
554 3164 682 3227 desinunt,
701 3170 729 3213 et
747 3166 774 3213 bi
813 3161 901 3227 flagris
912 3164 1087 3224 caedere,sive
1098 3163 1211 3215 vinctum
1223 3164 1345 3227 ablegare

240 3231 287 3300 qul
296 3237 425 3287 Flamines
438 3239 527 3288 Diales
538 3241 734 3303 inaugurantur,
747 3249 776 3290 et
813 3242 845 3289 ad
857 3244 954 3291 rustica
964 3254 1052 3303 opera,
1070 3241 1125 3290 sive
1144 3254 1239 3289 necare
1249 3241 1346 3304 libeat;

241 3326 301 3376 quas
311 3312 424 3375 virgines
435 3316 524 3363 Vestae
537 3316 690 3377 capiuntur!
706 3316 774 3366 Vide
813 3318 892 3370 etiam
900 3317 996 3366 siblios
1004 3323 1102 3366 tractet
1111 3316 1227 3380 rempub.
1236 3317 1315 3366 etiam
1323 3316 1345 3366 si

240 3395 269 3440 et
280 3388 394 3438 Gellium
406 3396 485 3440 x.15.
503 3392 623 3442 Muretus.
813 3393 937 3441 maxianus
953 3393 1120 3456 magistratus
1131 3391 1254 3454 gesserit;
1266 3392 1345 3443 etiam

224 3513 228 3518 ⁴
273 3463 348 3512 Inter
364 3480 454 3514 causas
473 3467 574 3517 omissae
590 3467 774 3517 confarreatio·
812 3469 833 3518 si
853 3468 935 3518 studii
947 3483 1009 3532 erga
1028 3466 1145 3530 rempub.
1164 3467 1268 3515 laudem
1285 3481 1345 3529 pro·

240 3538 343 3604 aiebas
358 3538 774 3609 affert31mam‚c‹ssimouiaedsffi·
812 3546 973 3598 meritnssit.
1005 3545 1087 3595 Juxta
1099 3545 1166 3593 banc
1177 3551 1250 3594 certe
1259 3546 1345 3608 legens

239 3614 346 3677 allutea
354 3631 419 3680 quas
430 3618 471 3666 vel
491 3620 589 3668 incuria
599 3620 775 3683 negligerent,
811 3621 926 3671 illustres
951 3622 1000 3670 viri
1022 3636 1070 3684 pro
1098 3620 1211 3682 Rostris,
1238 3618 1345 3670 furente

240 3693 282 3744 rel
293 3693 412 3743 consulto
422 3695 549 3744 vitarent:
567 3697 676 3746 alteram
687 3696 715 3746 ob
724 3698 775 3760 prl-
813 3699 899 3760 plebe,
911 3698 1094 3747 concionantes
1112 3698 1139 3745 iu
1158 3703 1262 3746 senatus
1281 3697 1345 3746 inri-

238 3767 351 3830 ps'leginm
370 3769 505 3833 liberorum,
521 3774 565 3835 qui
584 3773 714 3824 Flumineo
728 3778 775 3821 aut
814 3772 882 3821 diam
893 3772 1061 3837 fruentesque
1080 3788 1142 3821 aura
1159 3772 1289 3836 populari,
1298 3772 1344 3822 de·

240 3844 402 3907 Flaminium
430 3848 489 3910 quis
512 3848 538 3908 ii,
566 3847 662 3910 adepto
690 3862 773 3898 sacer·
796 3850 894 3897 tracti
911 3863 927 3897 e
943 3859 1066 3912 suggesto
1081 3849 1240 3914 abductique
1257 3856 1345 3916 sunta

239 3919 320 3986 dotto,
337 3923 424 3972 statim
441 3925 550 3972 exibant
567 3926 676 3986 epatris
687 3933 773 3987 potes
813 3924 941 3987 patribus,
960 3940 1047 3988 peenas
1067 3925 1153 3975 daturi
1175 3942 1207 3974 eu
1229 3927 1344 3988 ipsorum

238 4001 306 4059 tuse,
326 3998 394 4062 quod
417 4002 542 4050 nolebaut
565 4009 665 4065 patres,
689 4011 717 4052 et
738 4017 772 4055 na
813 4000 1025 4065 sententia,quos
1037 3999 1098 4050 drrm
1113 4001 1344 4064 perforumduce·

238 4071 315 4123 inviti
325 4073 351 4122 id
362 4083 522 4139 paterentur,
533 4078 687 4127 omittebant
699 4093 773 4130 usum
812 4082 909 4136 rentur,
928 4089 1004 4124 nemo
1021 4077 1161 4125 astantium
1181 4078 1283 4141 eripere
1299 4091 1344 4139 po·

239 4145 464 4212 confarreationis,
473 4166 505 4200 ns
515 4152 593 4204 liberi
602 4167 691 4206 sorum
701 4154 726 4202 iu
743 4152 773 4206 id
812 4156 891 4213 terat,
903 4166 954 4200 non
970 4154 1068 4213 consul,
1084 4167 1135 4201 uon
1153 4154 1280 4215 tribunus,
1292 4168 1344 4204 nou

240 4215 417 4290 spcer'dotitun
434 4227 593 4302 legerentur.
626 4229 694 4282 Nam
710 4229 773 4292 ulios
811 4221 1345 4307 ipsaturbacuitrnnadulsbaotu131icet
