3075 4917
268 409 335 480 932
630 417 660 461 c.
683 408 864 460 corruenti
886 404 1013 475 uncini
1212 357 1368 467 [nursi.

270 570 388 648 literis,
411 561 575 639 dissemit,
599 563 743 623 ‘morem
767 551 872 618 fuisse
898 545 1093 631 maj0rinns,
1115 542 1266 626 quotiens
1290 539 1369 604 diri·

271 675 395 740 merent
419 662 609 740 amicitias,⁸
634 655 828 724 interdicere
850 651 1117 729 domnamque
1141 645 1239 709 tinem
1253 641 1370 725 gratim

272 792 409 862 ponere:
431 768 467 832 id
495 786 531 830 se
556 761 750 846 repetivisse
775 756 811 819 in
838 754 1011 819 Labeone:
1028 751 1133 831 'atque
1159 745 1265 821 illum,
1291 741 1372 826 quia

274 877 361 944 male
381 870 618 938 administratae
639 858 822 945 provinciae
848 855 1052 934 aliorumque
1078 848 1251 913 criminum
1276 862 1372 926 urge-

275 982 397 1056 batur,¹
414 974 547 1057 culpam
568 965 696 1032 invidia
715 957 898 1025 velavisse:
921 954 1042 1016 frustra
1057 946 1230 1013 conterrita
1254 963 1372 1020 uxore,

277 1187 357 1241 teres,
367 1175 468 1241 quoties
480 1169 617 1221 amicitiam
627 1163 703 1215 alicui
714 1160 903 1218 renuntiarent,
914 1152 1052 1219 prohibere
1064 1149 1135 1199 illum
1146 1142 1293 1212 penatibus,
1303 1156 1376 1194 eum·

278 1242 415 1309 quetinem
427 1239 516 1304 grstia
534 1239 665 1283 statuere:
682 1228 709 1277 id
720 1241 748 1276 se
760 1236 896 1274 renovasse
915 1220 942 1268 in
962 1216 1098 1267 Labeone:
1116 1217 1195 1276 atque
1212 1210 1293 1270 illum,
1313 1207 1377 1271 qnia

276 1308 345 1358 male
356 1311 436 1370 gestre
448 1298 599 1368 provincia,
610 1295 769 1354 aliorumque
780 1286 935 1351 flagitiorum
946 1294 1004 1330 reus
1016 1277 1192 1343 premebatur,
1207 1274 1304 1323 crimen
1315 1271 1377 1321 odio

277 1382 305 1423 et
320 1372 401 1422 livore
418 1363 606 1422 occultarum:
624 1370 759 1424 perperam
776 1367 807 1402 ac
830 1358 928 1401 temere
950 1345 1070 1411 perculsa
1094 1345 1309 1402 consternataque
1335 1336 1377 1399 ip·

736 1495 764 1515 ΙΙ
767 1489 913 1513 numen

407 1616 424 1662 l
440 1611 482 1660 Ita
493 1606 553 1660 libri
563 1617 659 1655 omnes.
691 1599 749 1651 Nec
761 1589 958 1650 emendandum,
970 1585 1123 1649 urguebatur.
1138 1580 1252 1631 Brotier.

772 1720 882 1776 NOTAE

278 1858 370 1911 psum.
391 1841 459 1891 Nam
469 1837 575 1888 anteel.
586 1846 627 1883 rr.
642 1829 749 1880 ‘Palam
759 1837 808 1886 pro
846 1818 1013 1881 ‘ingruentes
1021 1815 1184 1863 accusatores
1192 1805 1259 1855 baud
1271 1815 1379 1867 perpes·

278 1916 472 1971 accusatoribus
481 1910 584 1970 Caser,’
596 1911 649 1957 tre.
682 1906 717 1953 Et
729 1902 750 1950 si
761 1906 808 1949 tea·
847 1909 899 1956 sus,
909 1890 1033 1956 supremis
1045 1885 1139 1937 tabulis
1148 1883 1231 1933 multe
1240 1886 1268 1929 et
1278 1878 1380 1928 atrocia

279 1999 384 2046 tumenta
394 1990 528 2049 mouebant,
544 1985 589 2035 ubi
605 1980 695 2047 praeda
713 1978 809 2026 delato·
847 1970 875 2019 in
891 1969 1041 2017 Macronem
1062 1977 1092 2011 ac
1109 1958 1256 2024 praecipuos
1271 1955 1379 2004 liberto·

278 2072 352 2121 rum?
368 2084 400 2118 sn
412 2064 603 2116 frustrabantur
612 2058 714 2108 hiantes
724 2053 809 2102 sinus?
849 2038 1025 2096 tumeamus
1037 2033 1206 2098 composuit),

279 2148 363 2198 Immo
373 2144 485 2193 fructura
494 2138 600 2190 sceleris
610 2133 732 2184 atrociter
740 2128 810 2180 effla·
880 2118 924 2168 Sic
931 2115 1075 2166 Vibulenus
1085 2109 1210 2174 Agrippa,
1217 2119 1296 2171 eques
1303 2106 1380 2154 Rom.

280 2223 399 2288 girabant
414 2227 442 2269 et
467 2220 533 2281 ‘per
550 2213 655 2279 praemig
673 2206 812 2259 eliciam.
849 2192 972 2242 festinare
992 2187 1083 2250 voluit,
1095 2199 1154 2234 cum
1170 2183 1214 2230 ‘in
1233 2182 1290 2245 ipsa
1308 2178 1381 2229 curie

281 2287 697 2355 turdelatoregginquifficjmg,
850 2269 1014 2330 depromtum
1040 2261 1096 2309 sinu
1124 2269 1250 2307 venenum
1275 2251 1381 2315 bausit,’

315 2375 395 2425 Certe
405 2372 448 2420 bic
459 2368 530 2417 nulla
540 2364 689 2422 difficultas,
699 2356 811 2422 quando·
850 2357 943 2406 nempe
959 2346 989 2389 ut
1007 2335 1197 2386 damnationem
1213 2329 1334 2391 anteiret,
1353 2333 1383 2377 et

282 2450 387 2516 quidem
397 2445 510 2496 noudum
521 2441 649 2490 delatores
663 2435 812 2483 invaserant
850 2421 887 2470 cic
898 2418 967 2467 fcrtc
978 2419 1143 2468 accusatores
1159 2408 1286 2468 eluderet,
1294 2418 1383 2455 exem·

282 2526 438 2584 Labeonem,
461 2525 490 2568 ut
514 2520 589 2580 patet
609 2527 643 2561 ex
664 2510 704 2558 lris
724 2505 813 2556 Taciti
851 2497 895 2561 plo
906 2493 1043 2545 Labeonis.

282 2602 384 2652 verbis:
402 2599 514 2656 ‘Casan
524 2596 573 2641 &c
583 2585 706 2638 disseruit
716 2595 812 2631 morem
883 2569 985 2621 ‘Galba
995 2574 1024 2617 et
1035 2567 1085 2616 duo
1103 2562 1199 2625 Btaesi,’
1216 2559 1331 2609 neudum
1349 2556 1384 2607 ab

283 2677 364 2727 fnisse
375 2671 524 2737 majoribus,
534 2665 653 2731 quotiens
663 2659 814 2708 dirimerent
852 2643 1046 2697 accusatoribus
1069 2638 1189 2701 lacessiti,
1213 2637 1221 2664 ‘
1234 2633 1384 2684 voluntario

285 2751 420 2810 amicitias,
429 2744 587 2796 interdicere
598 2734 690 2786 domo!
853 2724 926 2772 exitu
937 2718 1073 2778 cecidere;
1091 2714 1176 2765 Galba
1193 2711 1309 2761 tristibus
1327 2710 1386 2759 Car·

317 2825 395 2876 Unde
405 2827 479 2886 patet
491 2824 590 2867 tantum
601 2813 626 2861 ei
641 2807 814 2860 renuntiatam
853 2800 917 2849 saris
927 2789 1020 2858 literis,
1031 2792 1190 2858 provinciam
1201 2788 1287 2838 sortiri
1299 2783 1386 2849 probi·

285 2917 342 2955 esse
356 2898 523 2949 amicitiamn
541 2893 652 2953 Caesare,
663 2893 690 2937 et
701 2885 814 2936 nondum
853 2872 952 2933 bitus3’
979 2869 1069 2930 Blaesi,
1090 2866 1151 2932 quia
1172 2864 1302 2914 destinata
1322 2860 1387 2925 ipsis

285 2979 319 3031 ab
331 2976 388 3028 ullis
398 2968 590 3026 accusatoribus
604 2969 753 3027 correptum
765 2961 814 3010 La·
856 2946 1003 2999 sacerdotia
1017 2944 1044 2992 in
1061 2941 1124 2991 alios
1141 2940 1290 2992 contulerat
1311 2936 1389 2986 Tibe-

426 3048 514 3099 statim
534 3050 643 3093 mortem
664 3051 815 3101 occupasse,
853 3024 916 3073 cicc·

769 3114 815 3162 hu.
889 3100 925 3148 Et
935 3097 984 3146 boc
999 3094 1113 3157 ‘signum
1124 3091 1216 3140 mortis
1225 3087 1389 3137 intellexere'

285 3212 411 3266 meretur,
420 3194 669 3265 pretiumfestiucudi.
856 3177 903 3239 sic,
920 3187 1021 3236 neutpe,
1039 3178 1070 3220 ut
1086 3183 1159 3233 spem
1178 3173 1342 3230 mortemque
1360 3170 1390 3214 et

298 3325 302 3330 ,
320 3280 400 3340 Puto,
411 3278 511 3325 illorum
524 3272 567 3337 qui
579 3266 692 3319 ancum}
702 3264 817 3322 fuerant,
856 3251 913 3301 lisci
925 3250 1119 3309 delatoremque
1135 3244 1204 3292 sinus
1222 3242 1324 3291 hiantes
1335 3240 1391 3289 elu-

287 3361 319 3409 ut
334 3354 402 3404 infra
421 3353 533 3402 scamus
550 3348 708 3404 Mamaea,
726 3346 754 3389 et
773 3338 818 3403 qui
856 3326 964 3385 demut,
990 3322 1026 3370 sie
1054 3327 1082 3369 et
1110 3317 1257 3370 Cremutius
1285 3315 1389 3365 Cordus

288 3427 578 3490 tamendamnatiouem
595 3419 737 3476 anteibant,
753 3428 816 3477 opes
857 3400 927 3466 cnud
955 3401 1089 3458 Senecam,
1117 3398 1220 3444 ‘cenes
1246 3390 1391 3441 frustratur

287 3505 376 3557 liberis
386 3502 533 3560 manebant,
542 3499 580 3548 ita
592 3504 676 3545 tamen
685 3498 715 3541 ut
725 3496 819 3554 quarta
856 3477 970 3526 hltsslcc!

288 3596 350 3647 pers
366 3581 392 3629 in
403 3577 537 3642 praemium
546 3576 724 3622 accusatorum
742 3564 818 3615 cede·
891 3548 1057 3611 'Amicitiam
1091 3545 1284 3597 Renuntiabant
1303 3541 1391 3593 amiei-

289 3662 341 3709 ιρι,
373 3655 412 3705 At
431 3654 498 3704 bona
514 3651 625 3709 tuorum,
641 3645 685 3710 qui
702 3641 818 3693 accusati
859 3627 913 3690 tiae,
932 3627 975 3675 vel
990 3621 1142 3686 infelicium,
1160 3621 1202 3671 vel
1223 3618 1388 3669 infensorum.

290 3733 365 3785 simul
385 3737 414 3780 et
436 3726 549 3778 damnati
570 3723 682 3783 fuerant,
702 3719 818 3782 publica·
858 3701 903 3751 Sic
929 3699 1030 3750 Amaci!
1057 3700 1114 3748 ch
1142 3698 1201 3760 clim
1230 3709 1389 3759 presumens

289 3810 399 3871 bantur5
417 3807 455 3855 ita
466 3811 565 3866 utputa
580 3800 652 3860 fisco,
670 3810 730 3859 pars
745 3807 819 3862 pecu.
860 3781 943 3830 animo
963 3779 1114 3842 Polycratis
1142 3777 1250 3838 ninam,
1273 3789 1308 3823 ex
1335 3788 1390 3823 wc·

289 3885 418 3937 satoribns
437 3881 557 3940 cederet;
580 3882 608 3925 et
628 3876 718 3923 borum
741 3855 819 3920 e'ti'am
859 3871 933 3907 0²⁸⁸1¹
952 3856 1073 3905 ccssfisscc
1093 3851 1236 3914 felicitatis,
1258 3858 1288 3901 ut
1306 3851 1389 3901 minus

290 3958 542 4024 corporssepultnra
554 3941 766 4016 prohibebantur.
860 3934 971 3995 (¹⁰¹ch
981 3932 1060 3988 misit,
1078 3917 1271 3996 qui‘sodalitati
1282 3933 1311 3977 et
1330 3925 1390 3976 smi-

303 4026 603 4098 ,⁸Pretmmfntiaanur]
622 4025 695 4074 Idem
707 4021 821 4085 pretinm
859 4009 1108 4074 citiaerenuntiaret.
1363 4016 1366 4021 ·

290 4107 430 4159 festinandi
440 4105 507 4154 baud
519 4102 595 4152 dubie
606 4096 744 4162 occupavit
754 4094 823 4144 iufra
893 4084 1049 4146 'Amicitlml
1059 4082 1227 4145 Privatim,et
1237 4082 1316 4131 etiarn
1324 4078 1389 4143 pub·

293 4187 335 4234 38.
352 4180 482 4231 Fulcinius
498 4177 569 4242 irio,
587 4175 631 4238 qni
641 4174 706 4223 iicet
717 4184 822 4221 accusa·
860 4161 920 4227 lice,
930 4164 1030 4226 legatos
1041 4160 1074 4209 ad
1092 4159 1199 4208 Persem
1216 4157 1387 4208 Macedonum

294 4265 345 4324 tur,
372 4265 459 4308 tamen
480 4258 663 4304 testamentum
688 4246 821 4298 condidit:
860 4239 956 4305 regem,
974 4251 1069 4301 nempe
1087 4234 1121 4287 ad
1139 4233 1279 4286 amicitiam
1297 4243 1389 4282 renuu-
