3075 4917
256 351 344 426 li&
609 369 642 417 o.
665 363 846 418 noussen
869 365 996 417 rsurn
1196 365 1353 437 [ram

256 510 422 578 immunis
437 508 666 586 dilaniabatur,
687 507 731 574 ds
752 513 800 571 se¹
821 514 898 571 nora
921 504 1089 572 inficiatus
1112 507 1353 574 coumiosuuu

257 692 383 744 (taam
414 651 482 746 Nau
490 706 541 742 eurr
550 688 694 741 mentae
702 690 858 752 mauretus,
868 688 898 737 de
908 701 934 736 se
950 684 1207 739 maranensem:
1220 687 1296 738 arios
1309 701 1355 750 stas

715 833 895 860 mutantem

254 931 323 981 eques
331 916 467 967 Brotlerus
477 922 507 967 et
525 915 712 965 Romarm-⁴
728 914 758 961 cle
767 925 793 960 se
804 909 897 960 Nouius
913 911 1031 974 Erotion
1040 911 1084 975 qui
1096 911 1163 963 lssnc
1174 912 1288 961 mtslsm
1298 911 1356 961 sula

251 980 354 1044 jungit:
373 980 478 1030 Nullum
499 980 541 1030 liic
557 979 655 1029 hiatum
674 976 760 1040 reperi
778 975 805 1023 iu
823 975 905 1025 tribus
921 976 986 1025 Mes.
997 976 1138 1025 Vaticanis.
1169 976 1222 1024 Sed
1233 981 1359 1051 corrupte¹

256 1044 392 1094 admodum
403 1045 509 1104 mermi,
519 1046 548 1092 rie
557 1044 646 1102 eset,
654 1043 684 1091 sle
693 1056 719 1091 sc
729 1041 792 1089 noui.
826 1038 858 1087 Iu
869 1039 935 1088 Mss.
945 1039 1022 1089 Bodl.
1035 1039 1110 1089 Harl.
1119 1040 1175 1090 ies.
1192 1041 1222 1088 rle
1232 1053 1256 1087 se
1266 1053 1356 1088 soom.

255 1108 291 1157 Et
302 1114 367 1171 puto
382 1109 420 1157 sic
437 1108 570 1171 scripsisse
581 1107 710 1156 Tacitum.
744 1105 826 1153 Casus
836 1103 963 1153 varietate
980 1104 1132 1164 orationem,
1147 1117 1217 1152 more
1234 1118 1289 1165 suo,
1304 1102 1356 1152 dis·

255 1171 344 1224 tinxit.
361 1172 459 1221 Eadem
469 1170 601 1220 brevitate
613 1169 766 1232 dixissetis
774 1182 798 1217 se
806 1166 931 1230 comessor,
939 1169 1040 1217 mercios
1049 1183 1095 1217 sorr
1106 1168 1189 1216 εάἱιίἰι.
1213 1167 1256 1216 Sic
1265 1168 1356 1216 Florus

254 1247 276 1284 r.
289 1240 321 1285 1.·
329 1236 338 1264 ‘
347 1233 407 1285 Hoc
419 1236 452 1292 de
463 1248 490 1284 se
501 1235 620 1285 sacerdos
633 1232 740 1298 gravida
752 1230 870 1281 confessa
881 1239 931 1294 est,
942 1246 991 1280 uec
999 1246 1060 1281 mox
1070 1230 1140 1280 fama
1150 1230 1297 1280 dubitarit!
1320 1232 1357 1279 Et

254 1299 338 1352 Tacit.
355 1298 450 1349 Annal-
462 1313 519 1350 xrv.
530 1303 572 1349 ta.
588 1300 649 1348 ‘De
666 1296 739 1347 caede
757 1296 838 1359 Sylla
857 1295 996 1359 Plautique
1013 1295 1085 1344 haud
1104 1294 1357 1345 coufessusl-Nass

252 1368 376 1427 mptum
385 1366 509 1414 tenuastis
518 1362 687 1425 dilaniabatur,
703 1363 732 1411 sle
741 1375 766 1409 se
780 1359 835 1408 rsooi
837 1392 882 1409 .....
884 1361 986 1409 commus
996 1375 1042 1409 sos
1052 1359 1137 1424 midi,
1153 1360 1268 1408 intertrusa
1278 1373 1309 1407 aa
1319 1373 1356 1407 oc·

754 1453 865 1506 NOTAE

254 1552 394 1615 Mustius]
410 1554 535 1605 Attamen
546 1555 609 1607 tslis
618 1553 787 1619 praecavebat
825 1559 903 1618 atque
911 1553 947 1616 id,
955 1553 988 1603 ab
996 1567 1029 1603 eo
1040 1549 1313 1614 suessoniensem
1322 1545 1357 1597 sti

253 1628 391 1690 stimuum
410 1630 541 1681 Claudius.
564 1633 672 1682 Suetou.
694 1630 786 1681 creua
824 1630 874 1678 lroc
892 1630 942 1678 avi
959 1628 1096 1679 serrator!
1121 1625 1296 1677 Atscrsssuo
1313 1623 1358 1672 ills

254 1707 296 1755 it.
322 1705 434 1756 ‘Primis
457 1706 560 1770 imperil
581 1708 680 1773 diebus,
706 1721 787 1772 quau·
826 1704 938 1754 omnium
965 1717 1014 1769 per
1042 1702 1229 1767 Vespasianum
1254 1697 1359 1749 sublata

254 1793 341 1844 quem,
349 1787 379 1830 ut
389 1781 509 1843 diximus,
512 1782 630 1845 jactator
641 1783 786 1845 civilitatis,
824 1785 875 1830 est.

252 1868 339 1921 usque
349 1857 467 1907 convivis
477 1857 685 1922 iuireaususest,
696 1858 744 1907 uisi
755 1864 786 1908 ut
856 1857 956 1907 Mansit
974 1856 1055 1922 igitur
1074 1854 1107 1906 (le
1122 1853 1263 1905 militibus:
1280 1856 1308 1901 at
1324 1848 1358 1899 ds

251 1930 422 1994 spiculatores
442 1947 501 1982 cum
520 1934 618 1983 lanceis
637 1933 784 1986 circumcis·
824 1935 983 1979 scrutatione
1024 1933 1200 1997 Vespssiaous
1242 1928 1358 1989 sustulit,

239 2009 324 2066 ¹rent,
353 2007 499 2067 militesque
526 2008 583 2053 vice
609 2005 785 2053 ministrorum
825 2004 974 2057 Quodvide
989 2006 1016 2052 io
1033 1999 1156 2054 Suetonio
1172 2001 1358 2053 e.1s.etfsc

252 2076 785 2144 fungerenturznequeuegrumqueuquem
825 2078 858 2129 ab
876 2079 933 2130 istis
950 2080 1045 2128 lucem.
1077 2078 1137 2127 Mos
1155 2077 1205 2125 iste
1224 2077 1359 2125 scrutandi

252 2151 378 2215 visitarit,
394 2151 786 2219 nisiexplorstopriuscublcn·
825 2160 908 2217 raus,
929 2161 957 2203 et
980 2153 1081 2205 (irrecis
1106 2165 1216 2217 quoque.
1258 2150 1360 2215 Tangit

252 2226 289 2289 lo,
307 2227 460 2293 culcitisque
469 2234 499 2279 et
513 2230 633 2294 stragulis
645 2235 784 2294 pretenta·
825 2231 980 2281 Plutarchus
991 2229 1019 2279 in
1026 2229 1196 2291 Timoleonte,
1206 2226 1251 2277 ubi
1259 2225 1360 2290 Diony·

254 2301 287 2351 tls
308 2305 338 2351 et
356 2302 489 2358 excussis:
505 2304 604 2369 reliquo
622 2310 785 2354 antemtem·
825 2304 1076 2369 sirmiamexulem,
1093 2302 1194 2351 irrisum
1213 2301 1358 2366 aquodam
1417 2295 1419 2304 ’

253 2388 318 2439 pore
329 2377 511 2428 salutatoribus
519 2386 675 2430 scrutatores
681 2393 785 2443 semper
823 2382 869 2446 sit,
884 2382 944 2447 ‘qui
954 2382 1055 2431 intrans
1067 2381 1099 2430 ed
1115 2393 1182 2442 eum,
1196 2384 1297 2428 vestem
1313 2392 1358 2428 en

253 2452 383 2516 apposuit,
391 2459 418 2501 et
429 2453 532 2517 quidem
540 2456 667 2517 omnibus,
674 2461 704 2505 et
712 2470 785 2505 acer·
825 2457 914 2520 cussit,
932 2464 963 2506 nt
983 2457 1099 2520 tyrsums
1117 2454 1176 2505 fieri
1191 2452 1277 2503 solet!
1309 2454 1358 2503 Lo·

252 2525 382 2578 bissimos.
413 2529 478 2579 Sero
499 2531 567 2580 enim
581 2545 611 2581 ac
622 2531 666 2579 rix
677 2530 785 2593 remisit,
825 2537 979 2583 cumtotum
990 2532 1059 2582 vide.
1078 2530 1146 2593 lips.

253 2617 287 2653 ns
305 2601 417 2654 foeminae
437 2606 641 2672 praetextatique
660 2606 736 2670 pueri
757 2612 787 2685 οἱ
857 2608 889 2658 Ia
908 2612 969 2657 cata
989 2604 1157 2667 mittentium]
1189 2603 1271 2656 Mune
1293 2591 1358 2656 saltu

253 2679 348 2744 puelle
361 2686 596 2745 contrectarentur,
612 2689 641 2732 et
655 2697 690 2731 ue
704 2681 785 2734 cuivis
824 2673 919 2733 miani
940 2681 1082 2747 principem
1104 2679 1189 2743 amici,
1213 2675 1260 2726 sed
1288 2675 1358 2740 prius

253 2754 399 2805 comitiaut
414 2755 658 2806 librariocalmaria
670 2761 785 2819 autgra·
824 2757 1008 2821 cacuminum
1027 2754 1125 2805 ferrum
1142 2754 1189 2805 sub
1207 2758 1281 2803 veste
1297 2752 1359 2801 lere·
1425 2760 1429 2764 ’

245 2826 358 2890 'pillaria
369 2829 453 2879 thecae
464 2830 656 2880 adimerentur!
825 2839 877 2895 ret,
888 2833 967 2882 etiem
983 2831 1096 2882 feminae
1112 2830 1193 2895 ipsas:
1210 2843 1288 2893 quem
1305 2840 1359 2877 mo·

286 2903 621 2956 feneumaarepmm
637 2902 701 2942 luto
709 2901 785 2944 ulau·
824 2912 880 2946 rem
907 2909 1049 2949 salutantes
1078 2904 1227 2951 excutiendi
1255 2901 1359 2952 sarmit

253 2971 312 3023 dius
333 2970 432 3034 primus
451 2967 492 3031 <et
511 2966 620 3018 fortasse
639 2969 689 3019 hac
710 2984 785 3020 occa·
824 2986 884 3022 mox
900 2972 1087 3035 Vespasianus,
1104 2972 1184 3021 etism
1201 2972 1271 3021 iuter
1288 2988 1359 3030 arma

251 3046 337 3114 sione)
356 3051 513 3097 scrutatores
530 3044 652 3107 instituit,
666 3044 711 3109 qui
728 3059 787 3108 pro·
825 3045 924 3095 cis-ilia:
941 3046 1009 3097 bona
1024 3045 1076 3095 fide
1096 3045 1142 3095 ille
1157 3044 1265 3114 istoque
1275 3062 1359 3098 susce*

253 3124 351 3175 miserm
377 3136 475 3186 omues,
498 3121 531 3170 ad
554 3122 699 3185 principem
720 3122 786 3176 salin
826 3120 868 3187 pit
879 3124 999 3188 rexitque
1011 3123 1157 3187 imperium.

254 3199 338 3260 teudi,
349 3199 390 3247 vel
408 3211 460 3262 qua
476 3197 528 3246 alls
545 3211 631 3258 causa,
644 3197 785 3262 venientes,
855 3206 865 3232 ⁸
882 3200 925 3249 De
942 3202 979 3265 se]
1022 3199 1065 3249 Sic
1077 3200 1157 3263 vulgo
1168 3191 1282 3264 legitur:
1298 3203 1363 3252 dere

254 3279 417 3326 excuterent.
449 3272 601 3330 Suetonium,
617 3271 785 3322 ‘Salutetori
824 3274 1067 3327 Nouissumeanseios:
1085 3280 1113 3325 et
1129 3274 1199 3324 torte
1211 3276 1249 3326 sic
1260 3276 1363 3341 expleri

253 3348 302 3399 bus
317 3356 475 3399 scrutatores
494 3361 598 3412 semper
613 3345 745 3411 apposuit,
755 3354 785 3397 et
825 3350 920 3412 possit:
937 3350 977 3400 De
988 3366 1014 3400 se
1025 3349 1366 3416 Novaseoefesnrnossstoe

255 3425 360 3491 quidem
385 3425 511 3488 omuibm,
532 3431 561 3473 et
587 3419 785 3475 acerbissimos?
823 3424 1093 3488 medidit.1.ipsius.

214 3527 216 3530 ·
255 3504 426 3555 Quostsnen
440 3498 617 3564 Vespasianus
627 3499 721 3549 iterum
731 3513 783 3549 sus·
857 3500 933 3550 Dese
951 3500 1044 3551 Nooiss
1044 3534 1087 3553 .....
1089 3500 1192 3550 eneas
1208 3515 1255 3549 sors
1273 3491 1365 3568 aaa]

256 3578 325 3643 tulit,
342 3581 464 3626 narrante
479 3575 570 3626 eodem
581 3574 714 3640 Suetonio,
725 3589 784 3640 cap.
824 3575 916 3626 Habet
936 3575 1020 3627 codex
1038 3577 1152 3626 Floreat.
1164 3576 1282 3626 lacunam
1302 3592 1364 3630 esus

255 3659 296 3706 12.
823 3650 893 3714 dem,
911 3665 999 3716 quam,
1017 3654 1085 3701 teste
1104 3644 1205 3714 lipsio,
1224 3651 1363 3708 Passeris,-

286 3728 697 3782 VerbaDiouisadlruucmorem
706 3727 785 3793 digua
823 3741 880 3777 nus
912 3727 1040 3778 EsLisio
1056 3728 1236 3791 autumnoue
1253 3729 1363 3782 Tacitus

253 3808 321 3874 legit
337 3810 346 3837 ‘
355 3807 477 3860 Claudius
489 3821 548 3856 cum
566 3807 618 3856 ulia
632 3805 727 3856 acriter
738 3805 785 3858 ab·
824 3802 936 3855 fortasse
952 3804 1053 3867 sumsit,
1064 3806 1179 3870 suppleri
1196 3811 1301 3869 potest;
1320 3805 1364 3858 ait

254 3884 383 3947 sersabst,
402 3890 458 3933 tum
478 3896 565 3932 omues
584 3882 679 3947 quiad
699 3882 784 3945 ipsum
824 3881 894 3930 enim
904 3882 923 3930 Ι.
935 3893 1015 3931 mv.
1030 3880 1082 3930 ‘tle
1093 3882 1187 3947 seipse
1198 3880 1267 3930 lsaod
1279 3896 1364 3936 conc,-

254 3961 382 4024 veuirent‚
392 3960 460 4009 virm
477 3967 505 4008 et
513 3957 640 4017 faeminas,
655 3955 786 4022 explorari
824 3962 914 4009 tauter
933 3955 1018 4008 fassus
1038 3958 1156 4012 conscios
1173 3956 1297 4008 celabat?
1313 3957 1364 4030 Pr,

251 4036 374 4099 jubebat,
385 4049 418 4084 ue
435 4049 511 4099 quem
522 4034 634 4098 gladium
651 4040 696 4083 aut
706 4034 785 4084 sicam
824 4034 906 4085 clero.
1350 4087 1354 4096 ,

255 4110 389 4162 haberent.
422 4111 454 4161 ln
466 4110 591 4160 conuiuiis
600 4109 678 4159 etiem
687 4108 786 4173 ubique
858 4110 963 4175 Nouius]
985 4110 1275 4186 §recommendans
1290 4109 1362 4170 ‘Res

256 4186 352 4238 milites
373 4186 496 4253 quosdam
517 4190 633 4238 sstautes
657 4184 786 4237 habebstt
815 4186 933 4251 perstet
942 4187 1072 4252 equestris
1083 4184 1179 4238 ordims
1189 4185 1362 4252 duoiupub·
