3075 4917
274 322 340 414 852
619 365 651 413 c.
665 362 855 413 uonunuu
879 366 1004 416 uncini
1068 338 1230 438 [uuam.
1246 375 1376 440 quoq]

275 506 371 573 elus'o
384 506 516 609 publice
530 505 630 571 toret:
648 506 779 589 integra
792 512 904 573 tamen
919 509 983 574 sibi
999 511 1135 587 cunom'
1156 513 1342 596 postulavit
1351 511 1376 581 :¹¹

272 610 335 677 neo
350 612 434 675 ultro
452 608 678 689 deliberatum,
703 628 770 694 qno
785 612 906 689 minuo,
921 631 988 676 non
1002 615 1136 696 quiden
1152 622 1303 682 extrema
1316 618 1375 682 de·

271 712 447 789 comerent,
472 711 507 775 id
523 713 611 775 enim
624 711 773 789 vetitum,
797 713 870 790 sed,
898 718 1059 797 ‘paratos
1082 717 1126 781 ad
1150 720 1317 799 ultionem,
1339 720 1375 786 vi

273 813 442 896 Principis
452 810 623 895 impediri'
639 809 854 876 testarentur.l

272 1001 399 1055 senatoris
415 1001 536 1065 majestas
552 1001 678 1066 principis
697 1001 821 1052 frustratu
832 1002 916 1066 polum
935 1009 1011 1062 esset,
1031 1018 1065 1053 ex
1084 1005 1186 1067 integro
1205 1019 1260 1054 rem
1280 1004 1373 1054 referri

264 1065 408 1130 Jtugituot't:
424 1080 466 1114 uso
476 1067 541 1115 ultro
550 1066 690 1130 dubitatum,
700 1082 758 1129 quur
774 1067 922 1129 uouqurdem
932 1067 1018 1116 ultimo
1027 1073 1167 1129 statuerent,
1186 1069 1284 1118 ideriru
1293 1069 1374 1130 probi·

272 1130 355 1195 mum,
364 1132 405 1192 ssd
414 1136 528 1195 promtos
540 1129 572 1179 ud
582 1129 732 1195 vindictum,
742 1137 874 1194 potestate
886 1131 996 1182 Ooessris
1005 1146 1033 1181 se
1045 1133 1153 1182 retineri
1160 1085 1338 1199 ριιβιιιιιέτιο.

768 1295 874 1346 NOTAE

287 1402 319 1453 ,1
333 1405 433 1470 Integra
443 1411 522 1456 torreo
535 1406 582 1457 sibi
598 1412 681 1458 eurota
698 1408 801 1470 postulo-
842 1420 930 1455 eornm
948 1405 1101 1457 interfectus
1121 1412 1162 1456 est
1175 1407 1250 1470 jussu
1265 1404 1373 1475 liberii.

270 1481 317 1545 ιιι]
333 1481 422 1532 Vertit
440 1483 572 1545 ΗιιΙιιιιι,
593 1484 666 1548 quusi
683 1482 802 1532 Tiberius
840 1480 1056 1531 AuctorSneton.
1067 1482 1092 1530 in
1104 1481 1228 1543 Caligula.

271 1559 436 1622 postulasset,
446 1565 475 1607 ut
493 1558 526 1608 ud
547 1573 575 1608 se
595 1573 636 1608 res
652 1559 756 1622 integro
774 1563 803 1606 et
873 1558 1064 1607 Desiderantur
1080 1564 1113 1606 «et
1133 1562 1192 1605 aeta
1212 1555 1372 1620 insequentis

270 1636 413 1700 injudicata
435 1637 621 1688 remitteretur.
661 1638 743 1686 Immo
764 1651 803 1684 re·
842 1636 911 1697 unni,
940 1649 991 1699 quo
1012 1633 1051 1684 M.
1071 1634 1197 1695 Vinicius,
1218 1634 1249 1683 L.
1270 1632 1373 1683 Cassius

271 1710 364 1776 linquit
377 1713 554 1777 permittitque
566 1728 620 1762 rem
631 1711 738 1762 arbitrio
751 1712 801 1761 Pa·
842 1712 913 1760 Coss.
925 1708 1030 1759 suerunt
1040 1726 1047 1768 ς
1059 1724 1167 1773 quorum
1179 1715 1289 1772 uterque
1300 1712 1371 1771 post·

270 1793 348 1857 tJum,
372 1794 400 1836 et
418 1790 533 1851 postulat
546 1788 672 1853 judicium
691 1789 802 1848 illorum,
839 1800 870 1835 ιι
889 1786 983 1836 'liberii
1007 1800 1133 1849 progener
1154 1784 1214 1846 tuit,
1233 1791 1262 1832 ut
1280 1790 1373 1848 postes

270 1868 394 1927 tunquam
413 1864 439 1913 in
462 1879 489 1913 re
511 1864 623 1915 nondum
643 1865 751 1928 agitatu,
773 1870 801 1911 et
840 1861 950 1912 dicetur.
982 1864 1046 1911 'l'uur
1064 1868 1094 1910 nt
1114 1860 1224 1924 Sejanus
1243 1873 1372 1923 eousque

271 1932 345 2002 qnu'si
366 1938 479 1987 nondum
498 1934 690 2002 disceptato'in
708 1945 800 1988 senatu
841 1936 963 2000 ereverit,
991 1945 1020 1987 nt
1041 1936 1158 1986 'liberius
1179 1936 1256 1999 vulgo
1282 1934 1372 1985 insnlae

270 2017 348 2061 esset.
840 2011 988 2077 praefectus,
1010 2013 1125 2077 Sejanus.
1140 2027 1187 2075 pro
1215 2011 1373 2074 imperatore

283 2087 338 2135 ,Et
348 2093 420 2138 certe
433 2088 579 2152 ariditis'lris
589 2089 673 2153 literis
690 2088 800 2151 Tiberii,
840 2091 989 2139 haberetur:
1014 2105 1088 2154 quern
1105 2090 1161 2152 jem
1180 2088 1301 2137 Tiberius
1322 2101 1374 2135 rne-

269 2175 320 2211 non
332 2163 440 2226 amplius
450 2163 604 2214 dubitavere
618 2165 719 2229 Patres,
738 2166 799 2229 quin
842 2174 926 2227 tuens,
946 2159 1030 2230 neque
1050 2170 1141 2229 operte
1169 2163 1265 2213 adoriri
1287 2174 1374 2224 ausus,

269 2236 450 2306 decernerent,
466 2254 517 2288 non
535 2240 639 2304 quidem
655 2247 800 2294 extremum
841 2240 973 2290 consulem
994 2255 1082 2289 seeum
1102 2238 1262 2299 designavit,
1291 2245 1319 2286 et
1338 2236 1371 2286 od

269 2314 435 2376 supplicium,
453 2316 501 2365 boo
521 2316 590 2364 enirn
608 2315 800 2374 retributurus
841 2322 956 2364 senatum
991 2316 1116 2378 scribens,
1142 2315 1264 2377 Sejanum
1288 2328 1374 2400 suurn,

270 2387 329 2437 dem
338 2388 430 2447 luterus
442 2390 487 2438 sed
499 2404 526 2438 ιι
538 2396 642 2453 paratos
654 2391 687 2439 nd
699 2405 800 2440 omnem
841 2403 941 2438 suarum
964 2403 1082 2439 curarum
1104 2388 1266 2453 participem,
1291 2388 1372 2437 nomi·

268 2464 401 2529 ultionem,
420 2480 496 2530 quum
507 2467 586 2516 vellet
597 2467 729 2531 princeps,
741 2481 799 2530 pro·
807 2463 927 2514 nabot.

268 2538 431 2613 fitereotnr,
429 2548 457 2595 et
467 2541 541 2601 simul
552 2541 700 2606 decrevere,
719 2549 749 2592 ut
759 2558 799 2592 re·
870 2539 935 2588 Iniit
953 2541 1113 2590 consulatum
1130 2540 1247 2590 Tiberine
1271 2538 1373 2603 absens,

267 2599 417 2679 legarentur
444 2616 678 2682 clauderenturque
709 2618 799 2669 insulis
838 2615 1042 2677 Ro1.Jannarii,
1071 2616 1126 2665 sine
1152 2618 1258 2680 collega
1301 2617 1373 2680 Seja-

268 2690 415 2755 Agrippino
426 2697 454 2741 et
467 2693 546 2742 Nero.
837 2706 887 2741 nus
914 2698 1001 2742 entem
1023 2693 1133 2757 collega,
1154 2693 1188 2743 ub
1210 2709 1241 2742 eo
1263 2694 1371 2756 ascitus,

301 2766 377 2816 Quod
399 2772 427 2815 et
448 2765 546 2826 fuctum
566 2767 671 2828 stutim3
688 2772 718 2817 ut
736 2767 797 2831 olim
837 2767 948 2817 Kalend.
963 2768 1077 2817 Februo
1088 2768 1178 2817 urbem
1189 2766 1270 2830 venrt
1281 2780 1372 2817 consu·

268 2839 315 2891 sub
327 2804 799 2928 Augustoeodempoenudamoaront
837 2844 969 2906 letumque
989 2843 1136 2906 auspicatus
1159 2851 1207 2894 est.
1247 2843 1373 2893 Consules

268 2902 361 2982 Julius,
375 2915 455 2966 tilium
471 2932 502 2967 nc
513 2920 617 2982 neptem
630 2917 751 2982 Augusti,
770 2925 798 2968 et
837 2933 889 2968 nnn
908 2918 1208 2969 fuereodldusMaias.
1247 2919 1371 2969 'rotoillo

267 2992 419 3045 Postumum
430 2994 567 3045 Cursarem.
601 2995 708 3044 Nullum
725 2993 798 3058 quip-
837 2996 1073 3083 temporeSejsnus
1089 2996 1310 3058 nonconsulutns,
1325 2993 1373 3045 sed

266 3082 301 3134 pe
310 3068 424 3117 seelus'
405 3083 459 3143 stne
471 3070 590 3134 exemplo
600 3069 758 3119 adulturae·
837 3071 936 3133 imperii
948 3072 1048 3134 collega
1060 3068 1213 3120 habebatur.

299 3141 306 3175 ¹
326 3144 358 3194 Vi
375 3133 491 3206 principis
510 3144 620 3208 impediri
641 3143 798 3206 tentarentur]
870 3145 959 3195 idibus
971 3146 1044 3209 Maii,
1062 3144 1165 3194 suffecti
1185 3145 1211 3193 ln
1227 3159 1317 3194 eorum
1336 3145 1373 3193 lo·

267 3219 459 3279 Molnmtunm,
476 3220 589 3282 Corneli,
606 3219 701 3269 fotum!
736 3222 797 3271 Non
838 3237 897 3272 euru
909 3223 939 3272 C.
956 3222 1092 3271 Memmios
1104 3221 1228 3284 Regulus,
1238 3219 1372 3269 Fulcinius

266 3294 367 3358 pugione
386 3296 492 3362 reliqum,
511 3295 557 3344 sed
577 3295 637 3343 iibri
653 3296 695 3344 bie
713 3296 797 3359 perie-
836 3297 908 3347 Trio.
924 3306 927 3311 ⁴
941 3295 994 3345 Hie
1012 3308 1046 3345 ex
1064 3294 1152 3361 Sejrni
1171 3294 1309 3355 clientelo3
1328 3294 1373 3343 ille

267 3376 338 3430 runt,
356 3370 450 3433 quibus
463 3378 537 3432 gesto
554 3369 610 3421 fere
621 3372 726 3421 triennii
736 3386 797 3421 eon·
837 3386 888 3421 non
899 3379 978 3421 tamn
993 3372 1088 3435 Sejano
1104 3372 1213 3435 alienus,
1222 3384 1309 3435 quum
1319 3384 1372 3418 om·

268 3444 426 3507 tinebantur,
437 3446 469 3493 de
482 3446 631 3510 Agrippinae
647 3447 797 3500 liberorum·
837 3447 928 3510 biguus
949 3446 1019 3509 fidei,
1039 3452 1067 3496 et
1087 3448 1194 3510 priuatis
1214 3444 1373 3496 utilitatibus

268 3533 319 3587 que
331 3520 386 3584 ejus
399 3522 478 3583 exitu,
489 3522 521 3570 de
533 3523 618 3586 b'ejoni
634 3538 680 3587 spe
691 3530 797 3573 conatu·
837 3521 950 3573 officinm
960 3523 1079 3574 metiens.

267 3589 329 3663 que,
343 3593 379 3646 'de
389 3597 506 3660 ejusdem
517 3612 575 3647 oum
587 3600 687 3661 agmine
704 3599 798 3648 emico-
869 3599 989 3647 'liberius
1003 3600 1104 3648 interea
1120 3597 1285 3663 explorandis
1298 3611 1372 3647 sens·

266 3684 323 3723 rum
331 3678 427 3737 strage,
439 3674 472 3721 de
483 3674 563 3722 Lirire
577 3665 681 3737 flagitiis
693 3681 720 3724 et
731 3686 797 3722 rnor-
837 3681 879 3723 tus
890 3674 918 3721 in
934 3674 1055 3736 Sejonnm
1065 3673 1166 3733 animis,
1187 3688 1234 3736 per
1245 3673 1370 3737 epistates

266 3757 312 3810 te;
330 3749 362 3797 od
379 3763 510 3811 summam,
527 3747 574 3798 tlos
590 3751 663 3814 qnasi
682 3750 796 3799 bistoriae
837 3751 913 3799 modo
924 3765 982 3799 enm
992 3751 1110 3799 laudibus
1120 3751 1227 3810 tollere,
1239 3750 1371 3798 interdum

266 3831 328 3877 roe.
344 3824 447 3888 Lipsius.
600 3820 602 3824 '
838 3825 941 3889 oblique
964 3828 1158 3889 perstringere:
1186 3839 1370 3889 nonnunquam

275 3901 333 3952 ‘Vr'
367 3902 482 3966 principis
506 3902 617 3965 impediri
644 3900 799 3962 testarentur]
837 3901 871 3951 de
883 3916 914 3950 eo
925 3903 1077 3951 contemtim
1095 3902 1181 3965 loqui:
1199 3905 1227 3949 et
1238 3905 1269 3949 ut
1278 3900 1368 3949 sdver-

266 3978 458 4028 Desiderantur
475 3982 574 4041 reliquo
593 3980 709 4026 octornr'n
726 3975 798 4039 bujm
839 3979 872 4026 tit
882 3992 926 4027 eos
938 3992 979 4027 res
991 3979 1083 4042 quibus
1092 3977 1180 4040 Sejnni
1193 3976 1314 4040 potentin
1325 3976 1370 4024 mi-

267 4053 335 4112 snui,
346 4053 372 4100 in
384 4055 466 4116 queis,
477 4052 691 4118 quemadmodum
703 4051 798 4114 Agrip·
838 4059 972 4114 nueretnr,
992 4067 1043 4101 non
1063 4055 1158 4102 aversis
1170 4052 1262 4100 animis
1277 4051 1370 4114 recipi,

267 4128 327 4194 plna
338 4129 362 4175 in
373 4128 481 4176 insulem
491 4128 674 4177 Pandateriam
684 4127 799 4190 relegato
835 4129 941 4194 jamque
953 4131 1090 4193 plerosque
1102 4129 1223 4193 reperiri,
1242 4128 1285 4192 qui
1297 4130 1369 4176 nota·

268 4202 313 4269 eit,
338 4202 409 4253 Nero
430 4203 457 4252 in
475 4204 605 4269 Pontium,
625 4204 670 4254 nbi
691 4211 799 4268 uterque
839 4211 907 4270 rent,
916 4200 1372 4277 confidentior'fsotns,·nonunllose
