3075 4917
254 372 341 440 1126
598 392 635 439 o.·
655 377 837 440 conuecti
860 351 988 440 rnorrr
1194 395 1238 463 [Α.
1252 399 1283 449 o.
1296 401 1356 449 aar.

249 534 435 612 clamitans,
476 533 670 618 ‘aspiceret
716 536 906 600 verberum·
925 532 1050 613 notas,‘³
1093 524 1360 602 reminisceretur

251 637 372 714 vocis:
406 655 473 720 qua
501 654 538 700 se
571 637 755 700 obnoxium
788 638 895 721 jussis
934 633 1160 702 Messallinae‘
1192 638 1352 704 dedisset.

250 734 340 800 Aliis
363 735 545 819 largitione,
568 725 626 800 aut
652 738 725 820 spei
751 737 991 820 magnitudine,
1005 739 1070 802 sibi
1092 760 1137 804 ex
1156 740 1354 804 necessitate

237 839 408 921 culpam:
444 858 506 903 nec
530 839 687 921 cuiqnam
709 845 786 903 ante
815 839 1031 922 pereundum
1044 841 1170 918 inisse,
1191 843 1221 905 si
1251 841 1356 906 Silius

249 931 357 1003 rerum
379 939 560 1023 potiretur?
603 938 815 1004 Commotum
828 941 891 1019 his,
906 946 939 1005 et
952 943 1092 1024 pronum
1108 941 1151 1005 ad
1165 942 1354 1007 misericor-

249 1041 340 1106 diam
362 1040 531 1106 Caesarem
558 1041 732 1126 perpulere
756 1043 876 1122 liberti,
905 1048 983 1122 ‘ne,
998 1050 1049 1108 tot
1072 1044 1254 1109 illustribus
1272 1044 1353 1108 viris

248 1142 437 1222 interfectis,
458 1145 609 1209 histrioni
638 1145 881 1211 consuleretur:
911 1151 1030 1229 sponte
1052 1165 1094 1208 an
1119 1149 1257 1209 coactus
1284 1150 1354 1208 tarn

247 1243 365 1327 inagna
386 1248 605 1329 peccavisset,
619 1247 702 1312 nihil
725 1246 865 1312 referre!
909 1246 964 1312 Nc
977 1246 1091 1310 lhauli
1106 1246 1238 1330 quidem
1254 1245 1354 1309 Mon-

247 1433 378 1496 stigmata,
396 1439 435 1482 et⁰
444 1433 627 1485 recordaretur
643 1436 746 1499 imperii
764 1436 804 1486 sni
823 1436 920 1493 Cesar,
942 1452 993 1502 quo
1015 1452 1055 1498 se,
1070 1437 1176 1501 jubenti
1191 1435 1353 1491 Messallinae,

247 1512 345 1547 rnorem
361 1512 460 1560 gerere,
467 1498 598 1561 jussisset.
631 1499 699 1549 Aliis
710 1516 743 1549 ex
754 1501 920 1558 liberalitate,
936 1508 982 1551 aut
1000 1503 1056 1567 spei
1066 1502 1244 1566 amplitudine,
1255 1500 1355 1561 facisse

247 1564 416 1623 &adsumat
427 1563 476 1611 sibi
488 1570 621 1613 extortum
637 1565 663 1614 vi
680 1565 795 1625 crimem
812 1580 861 1616 nec
878 1567 925 1615 ulli
941 1567 1012 1630 prius
1029 1566 1212 1615 intereundum
1231 1564 1319 1625 fuisse,
1329 1564 1350 1612 si

246 1626 325 1676 Silius
337 1626 472 1690 imperium
483 1626 623 1679 obtineret.
649 1628 700 1678 His
710 1629 865 1691 mehemet
919 1631 1217 1681 mtsmsdmiserotionem
1226 1629 1353 1678 Claudium

246 1706 356 1740 maere
373 1691 462 1753 ὶὶϋηέί,
473 1706 506 1740 ne
522 1693 600 1742 mimo
615 1700 778 1757 parceretur,
796 1701 835 1745 tot
853 1696 930 1744 caris
950 1695 1051 1745 civibus
1067 1695 1227 1754 interemtis;
1243 1700 1272 1742 et
1289 1692 1352 1741 nihil

245 1755 385 1819 interesse,
393 1771 425 1805 sn
436 1757 517 1819 ultro,
527 1758 570 1806 rel
579 1757 684 1822 inritus,
696 1765 750 1808 tarn
761 1760 882 1809 immanis
892 1759 1054 1825 deliquisset.
1088 1763 1128 1811 Ne
1143 1761 1237 1824 quidem
1247 1758 1351 1808 maim

746 1906 853 1957 NOTAE

246 2012 379 2064 familiaris
389 2012 503 2088 iuerat),
851 2020 931 2071 Forte
947 2020 973 2071 in
986 2024 1068 2071 semet
1085 2020 1164 2068 talem
1173 2031 1294 2082 pompam
1306 2033 1353 2067 ex·

278 2089 779 2156 MamerJSueion.cattg.ss.‘Mnes·
818 2097 948 2160 cogitarat
969 2096 1151 2160 pantomimus,
1173 2110 1223 2162 quo
1245 2091 1351 2144 facilem

246 2174 328 2217 terem
340 2168 526 2231 pantomimum
538 2167 617 2217 etiam
628 2168 697 2218 inter
706 2184 779 2233 spec·
818 2173 948 2221 Caesarem
961 2172 1045 2222 adhuc
1057 2170 1185 2235 eluderet,
1202 2176 1266 2235 pest*
1276 2176 1351 2219 tanta

245 2246 331 2295 taenia
342 2246 514 2308 osculabatur,
529 2261 559 2295 ac
569 2246 590 2294 si
598 2247 654 2311 quis
665 2247 778 2297 saltante
817 2255 921 2315 tamque
933 2249 1037 2313 publica
1047 2247 1153 2312 flagitia.

244 2321 339 2384 eo,vel
359 2323 464 2384 leuiter,
480 2323 653 2387 obstreperet,
674 2323 778 2374 detrahi
851 2324 1073 2373 errentaaceretur
1092 2322 1166 2385 noeis]
1199 2321 1233 2370 In
1245 2320 1350 2371 Claudii

241 2399 352 2464 jussum,
364 2413 440 2448 mauu
452 2413 499 2448 sua
509 2397 679 2462 flagellabat?
813 2399 897 2463 jussu,
906 2406 933 2449 et
947 2400 971 2448 vi
982 2402 1079 2465 majore
1087 2398 1253 2461 Messallinae,
1261 2398 1349 2447 Mnes-

276 2474 433 2523 eDs'loas'uto
451 2473 526 2537 aesta]
558 2473 590 2522 In
609 2480 666 2525 arte
676 2472 778 2542 histrio·
818 2477 881 2525 teris
901 2476 1034 2526 excusatio
1052 2476 1136 2539 accipi
1147 2475 1246 2525 debuit.
1281 2475 1351 2524 Haec

244 2551 303 2601 nica
324 2550 434 2600 salutem
457 2565 529 2599 suam
548 2551 670 2614 quaesivit
687 2552 778 2601 histrio
818 2547 904 2617 aperit
923 2554 973 2604 Dio
990 2555 1008 2604 l.
1020 2567 1065 2603 nx.
1084 2552 1244 2602 ‘Mnesteris
1260 2566 1350 2600 amore

244 2627 301 2678 Cic.
313 2631 338 2677 8.
359 2626 393 2676 de
405 2626 482 2677 Oret.
502 2628 509 2654 ‘
521 2627 611 2677 Genus
629 2629 678 2678 hoc
693 2634 777 2678 totum
816 2627 928 2696 flagrans
940 2630 1097 2689 Messenius,
1107 2644 1167 2680 curn
1176 2643 1262 2692 neque
1274 2628 1348 2691 polli-

243 2708 367 2764 oratores,
376 2704 420 2769 qui
429 2708 490 2752 sunt
500 2703 617 2753 veritatis
629 2705 709 2767 ipsius
719 2720 777 2754 auc·
818 2704 886 2769 citis,
902 2719 985 2770 neque
995 2705 1078 2769 minis,
1095 2705 1147 2753 ullo
1164 2703 1286 2752 modoad
1298 2703 1350 2752 eui-

242 2787 327 2840 tores;
338 2780 482 2829 imitatores
494 2786 581 2829 autern
594 2781 714 2830 veritatis
724 2782 775 2831 his·
818 2777 874 2829 turn
883 2778 1006 2843 pellicere
1015 2787 1112 2845 posset,
1119 2775 1198 2843 petiit
1208 2793 1223 2827 a
1232 2777 1349 2841 Claudio,

243 2856 348 2918 triones,
363 2862 566 2918 occupaverunt,
582 2857 713 2921 inquibus
734 2871 776 2907 res
815 2861 846 2904 ut
864 2854 936 2904 illum
953 2854 1060 2920 obsequi
1078 2854 1126 2904 sihi
1143 2855 1260 2918 juberet,
1276 2854 1348 2920 qussi

241 2929 299 2998 ipsa
315 2946 435 2997 maguam
453 2933 505 2981 vim
515 2932 610 2982 habete
631 2940 661 2982 ut
679 2933 775 2998 siquis
816 2930 954 2980 Mnesteris
977 2937 1034 2979 arte
1053 2930 1103 2979 alia'
1121 2930 1147 2979 in
1167 2944 1196 2978 re
1221 2929 1270 2980 sibi
1283 2933 1348 2994 opus

241 3008 324 3057 nudet
343 3014 447 3073 pectus,
469 3010 642 3073 ostendatque
660 3011 776 3072 vulnere,
816 3015 897 3057 esset:
916 3015 971 3056 tunt
986 3003 1229 3070 sClaudio'jussus,
1240 3006 1348 3055 Messal-

242 3098 301 3149 quae
315 3084 425 3149 Reipuh.
441 3100 519 3135 causa
536 3085 709 3149 excepit,&c.
742 3087 775 3135 ln
814 3084 875 3133 linae
893 3084 920 3131 in
937 3081 1053 3133 omnibus
1067 3097 1165 3132 merem
1176 3085 1278 3146 gerere,
1288 3097 1346 3131 cum

241 3174 319 3211 causa
337 3160 482 3224 peroranda
498 3176 548 3209 non
560 3161 690 3211 dubitavit
699 3162 775 3212 Cras·
814 3162 857 3211 illa
868 3176 921 3210 rein
932 3159 1032 3222 hahuit,
1050 3166 1172 3224 tanquam
1185 3159 1212 3207 id
1223 3159 1346 3224 princeps

242 3251 285 3286 sus
304 3237 450 3287 exercitare
473 3251 544 3287 reum
565 3238 735 3302 consularem,
746 3246 775 3289 et
815 3233 1065 3302 quoquejussisset.'
1098 3236 1247 3285 Vertrnnius.

242 3311 450 3378 ejupdiloricare
462 3314 596 3364 tunicam!
848 3312 1088 3375 fObnoriumjnssis
1098 3305 1256 3377 Messalliaae]
1273 3314 1346 3364 Corn·

242 3389 246 3392 ’
273 3387 354 3436 Forte
376 3387 453 3437 scidit
473 3395 575 3439 vestem
593 3389 626 3438 ad
649 3389 774 3440 indicium
812 3397 929 3440 mentum
948 3389 1061 3456 foeminae
1078 3389 1201 3455 lepidum.
1231 3383 1345 3439 'Mimum

240 3463 344 3527 doloris,
355 3473 382 3513 et
393 3465 449 3528 irae,
460 3465 542 3531 (qnod
552 3482 600 3531 pro
612 3482 683 3517 ruore
693 3467 775 3518 fiebat
813 3467 891 3517 istum
901 3467 1041 3531 deperibat
1054 3467 1213 3517 Messallina.
1256 3465 1346 3516 Soliti·

239 3531 392 3602 hlimlsimul
400 3547 428 3590 et
435 3543 703 3607 plagarumzprimum
711 3543 775 3593 fecit
816 3550 861 3594 tat.
895 3544 943 3593 Ille
955 3544 1128 3608 tergiversari,
1136 3543 1345 3607 metuerelr'npe·

237 3613 397 3677 histrionice,
432 3618 573 3668 secundum
606 3635 640 3669 ex
664 3620 776 3669 veritate
815 3625 936 3673 satorem.
969 3619 1039 3673 Quid
1051 3633 1123 3684 ergo,
1133 3620 1155 3669 si
1170 3619 1278 3668 maritus
1289 3619 1344 3682 ipse

237 3690 284 3741 rei.
810 3696 924 3760 jubeat?
941 3696 1033 3762 inquit.
1294 3758 1297 3764 .

270 3768 542 3834 dadspiceretoerlrernm
550 3774 773 3837 autos]'l'omcer·
797 3777 799 3781 ’
848 3774 962 3824 Etcum
983 3772 1076 3822 marito
1093 3772 1156 3835 egit,
1174 3772 1248 3835 qnasi
1266 3773 1345 3835 opera

239 3838 267 3896 te
279 3862 341 3897 vera
352 3863 438 3910 scena,
449 3863 525 3898 verus
543 3850 618 3899 ludus
635 3849 694 3913 tuit,
713 3867 772 3900 cum
812 3849 953 3899 Mnesteris
965 3848 1051 3912 aliqua
1059 3847 1085 3896 in
1097 3861 1125 3896 re
1140 3846 1179 3895 illi
1191 3861 1261 3895 usus.
1293 3841 1344 3895 lile

236 3922 291 3972 siue
308 3925 381 3973 larva
401 3941 428 3975 se
448 3926 504 3990 ipse
526 3926 661 3977 exhiberet
680 3928 772 3976 mimus
812 3933 931 3974 vocatum
950 3925 1054 3972 mimum
1066 3922 1132 3971 male
1144 3921 1251 3984 accipit,
1265 3920 1344 3985 jebet

237 3998 338 4068 nudum¹
354 4007 382 4049 et
401 3999 488 4064 flagris
507 4018 612 4065 casum,
623 4009 653 4052 ut
664 4003 771 4069 obsequi
812 4000 838 4049 iu
850 3999 966 4049 omnihus
978 3999 1053 4049 uxori
1065 3997 1171 4047 obediat
1190 4001 1343 4061 parentque.

237 4072 397 4124 Messallinre
407 4078 502 4127 uellet:
520 4078 582 4142 quid
599 4079 679 4143 magis
690 4080 772 4129 mimi·
812 4069 913 4137 Paruit,
926 4082 954 4124 et
964 4075 994 4125 id
999 4075 1100 4138 jussum
1113 4075 1200 4123 valere
1212 4072 1263 4123 sihi
1273 4083 1344 4122 nunc

199 4163 202 4168 ’
235 4147 306 4212 ὀυωρ
316 4157 361 4199 sut
373 4151 493 4203 theatrali
507 4155 599 4218 plausu
610 4153 726 4220 dignum,
744 4156 770 4205 in
811 4154 877 4214 vult,
887 4152 920 4200 ad
929 4151 1030 4200 veniam
1043 4149 1208 4200 obtinendam
1218 4154 1246 4200 et
1255 4149 1344 4199 eham.

237 4225 284 4274 tati
296 4223 425 4288 personat
650 4253 652 4256 v
812 4229 866 4280 Dio
877 4219 923 4279 nx}
940 4225 1044 4296 Lipsiae.
1319 4241 1323 4244 ·
