3075 4917
131 446 134 450 ‚
185 386 324 456 noan]
558 389 764 442 ruunnrnu
789 393 935 445 manu
1204 387 1296 460 ruffi

187 531 293 615 eJus,m
304 495 379 596 cum
391 552 493 617 supra
505 531 705 601 Pallantem*¹
727 544 760 603 et
775 538 949 607 Callistum
962 545 1081 627 agerat.
1126 544 1295 630 Honesta⁰

184 717 249 766 bate
270 722 295 765 et
314 715 414 767 Callisto
430 723 521 783 ageret,
543 719 651 769 bonnas
667 720 762 784 quidem
784 736 830 786 res,
849 726 936 775 reden
952 727 1034 789 quibu
1046 728 1128 793 priora
1147 740 1294 796 emergunt

650 842 828 864 §conuento

185 913 214 983 ξ.
248 919 316 968 Hoec
335 926 421 970 antem
439 927 574 972 notacum
594 925 689 988 saepius
704 934 837 988 occurrat,
855 935 884 977 nt
895 928 919 977 b.
931 928 949 976 l.
961 932 1003 978 28.
1021 929 1047 978 in
1071 930 1196 981 vocabulo
1210 947 1291 997 super-

179 988 250 1032 esset.
263 996 315 1059 4¹¹¹·
332 989 358 1033 9.
385 985 421 1060 il.
434 999 452 1034 1.
468 991 521 1048 ⁵1,
536 988 625 1051 ibique
647 1004 697 1039 non
718 988 818 1052 ingerit
836 992 977 1041 Piclrenam
990 993 1063 1056 hujus
1079 994 1234 1059 intellectus,
1245 1000 1292 1049 mi·

184 1048 291 1098 rumbis
303 1063 354 1096 non
365 1043 445 1098 fnisse
456 1052 631 1100 attentiorem.
664 1055 784 1104 Erratum
797 1063 823 1103 et
836 1057 862 1104 in
871 1056 919 1105 hoc
929 1062 989 1106 aute
999 1058 1149 1107 Rhenanam
1159 1060 1192 1109 H.
1202 1074 1239 1122 iv.
1247 1064 1289 1114 68.

183 1109 258 1164 Idem
270 1119 357 1161 antem
369 1114 438 1165 Flor.
451 1115 514 1164 Cod.
527 1130 574 1177 pro
578 1116 680 1178 fastigii
692 1119 819 1182 quomodo
840 1121 905 1168 Mss.
925 1121 988 1183 lieg.
1009 1128 1036 1171 et
1054 1137 1125 1172 meus
1146 1129 1201 1173 tum
1222 1126 1291 1178 Edd.

182 1175 378 1234 habetfastidii.
413 1179 489 1231 Quod
505 1181 606 1229 etiamsi
625 1183 746 1244 Narcisso,
765 1191 888 1248 tanquam
900 1184 1052 1235 libertorum
1064 1189 1209 1251 potentium
1219 1190 1288 1242 vitiis

182 1239 306 1315 obuorio‚
316 1242 441 1306 quadrare
454 1246 536 1305 possit
547 1244 641 1306 rideri,
651 1262 666 1295 a
678 1248 774 1297 'l'acito
787 1257 871 1298 tamen
882 1264 940 1298 esse
951 1264 1003 1299 uon
1014 1251 1122 1301 inducor
1134 1257 1164 1301 ut
1176 1254 1292 1306 credam.

184 1305 314 1357 Quoniam
336 1307 378 1356 bic
398 1309 539 1358 Narcissum
556 1310 644 1358 laudat
666 1319 775 1375 propter
796 1328 851 1362 rem
870 1314 995 1377 praeclare
1013 1322 1111 1376 gestam
1123 1316 1149 1365 in
1160 1318 1291 1380 punienda

181 1368 341 1445 Messallinae
362 1372 535 1435 turpitudine,
548 1384 602 1423 tum
615 1375 652 1423 ita
664 1383 743 1425 totam
755 1377 823 1426 hanc
843 1378 975 1427 historiam
996 1379 1130 1442 describit,
1141 1382 1293 1447 modosque,

182 1434 275 1499 quibus
286 1435 333 1484 boe
342 1437 473 1492 negotium
485 1440 609 1487 tractavit
622 1440 757 1499 Narcissus,
778 1442 815 1492 sic
829 1448 1010 1505 repraesentat,
1027 1450 1057 1493 ut
1073 1445 1142 1493 clare
1163 1456 1290 1510 appareat

182 1511 241 1547 enm
265 1499 350 1562 potins
373 1500 525 1551 admiratum
547 1503 621 1567 hujus
638 1505 812 1566 prudentiam,
830 1507 1031 1566 dexteritatem,
1048 1515 1076 1557 et
1094 1509 1120 1557 in
1136 1512 1289 1575 exequendo

180 1568 237 1612 toto
247 1563 297 1640 boc
308 1565 413 1627 negotio
425 1568 607 1629 constantiam,
617 1583 693 1632 quarn
705 1570 757 1618 ullo
769 1571 845 1620 modo
857 1571 979 1635 sugillare
988 1572 1101 1621 voluisse
1112 1580 1196 1623 status
1208 1575 1289 1639 ipsius

180 1628 362 1679 eond1t1onenr.
395 1629 550 1679 Lenmmum
562 1639 650 1681 autem
659 1633 761 1696 fastigii
772 1636 822 1696 cius
832 1636 953 1684 dicuntur
963 1638 1090 1699 questum
1100 1636 1206 1700 inrigata
1216 1633 1235 1688 a'
1242 1641 1289 1690 Se·

180 1698 245 1742 natu
255 1692 305 1756 ipsi
316 1693 432 1757 decreta,
443 1700 473 1743 nt
484 1695 605 1746 decretus
618 1698 761 1762 Pomponio
771 1700 934 1764 triumphalis
941 1701 1022 1750 honos
1034 1712 1085 1752 ιιι.
1096 1705 1137 1753 28.
1148 1718 1155 1752 :
1169 1703 1289 1755 ‘modica

684 1828 791 1880 NOTAE

211 1957 230 1985 ¹¹¹
245 1951 575 2020 Lerbsimumsaatidiiciaa]
596 1957 712 2022 Conjicio
752 1963 794 2006 ter
814 1956 1007 2020 corruptionem
1026 1956 1285 2021 temporum,qnibus

178 2024 327 2093 legendum,
345 2031 600 2095 ioetissimumfartigii
609 2034 666 2097 ejus,
684 2040 712 2083 et
753 2034 829 2083 valde
840 2032 930 2087 liberti
940 2032 1082 2097 pollebant.

178 2103 338 2167 proflagitiir
348 2108 549 2171 multis,flugitiis
558 2108 649 2169 inuitis,
657 2110 712 2160 sire
784 2110 852 2160 Nam
864 2110 955 2160 eodem
966 2109 1011 2158 lib.
1024 2125 1078 2174 seq.
1090 2109 1146 2160 ait:
1168 2110 1177 2139 ‘
1188 2109 1286 2163 Decre-

176 2178 245 2229 ritiio
254 2181 345 2232 isubia
382 2184 451 2232 Nam
470 2185 602 2250 exemplar
613 2186 712 2249 regium
751 2191 780 2234 ta
790 2185 906 2234 Pallanti
917 2184 1040 2248 praetoria
1049 2183 1160 2246 insignia
1169 2183 1185 2233 :’
1199 2198 1229 2234 ac
1240 2186 1286 2236 de·

176 2254 263 2320 babet,
269 2258 379 2307 tristitiis
390 2258 484 2308 inultis.
497 2260 644 2310 Rhenanus.
750 2260 821 2321 inde,
841 2259 983 2311 ‘Claudius
1003 2259 1110 2309 libertos
1120 2259 1171 2309 sibi
1183 2266 1211 2312 et
1221 2261 1285 2325 legi·
1322 2288 1327 2294 -

209 2332 375 2395 Iaeuinimum]
400 2335 526 2384 Pallantis
547 2343 576 2385 et
595 2337 711 2387 Narcissi
751 2335 976 2401 bnsadaequavit.'
1010 2336 1062 2385 Sed
1070 2352 1128 2385 cum
1141 2351 1228 2388 eorum
1237 2336 1284 2388 fla·

177 2408 302 2475 imagines
309 2411 401 2459 habuit
417 2411 539 2461 Vitellius
556 2412 582 2461 in
592 2413 711 2463 cubiculo
750 2410 816 2475 pitia
827 2412 948 2475 princeps
958 2411 1042 2461 inulta
1055 2410 1223 2475 relinqueret,
1239 2414 1284 2463 de·

175 2485 246 2538 inter
256 2489 330 2538 Deos
347 2490 436 2551 Lares,
454 2496 484 2540 nt
505 2496 575 2540 teste
595 2492 708 2556 Capitol.
747 2489 855 2538 terrimo
873 2488 933 2535 inde
944 2486 1104 2550 oriebantur,
1119 2502 1179 2536 cum
1190 2487 1209 2536 ii
1219 2502 1282 2552 quo-

175 2562 383 2615 M.Ant0ninus‘
395 2571 494 2616 tantum
502 2568 606 2617 honoris
617 2569 709 2633 magis.
748 2563 812 2612 tidie
824 2564 851 2612 in
861 2561 960 2627 majora
969 2560 1281 2627 flagitiaprolaberentur.

164 2639 223 2688 tris
242 2640 295 2688 suis
318 2640 422 2701 detulit,
437 2646 469 2690 nt
485 2641 608 2705 imagines
619 2658 708 2693 eornm
747 2638 862 2688 Pirbena.

176 2728 268 2764 aureas
280 2716 307 2764 in
321 2715 429 2765 Lanario
447 2716 573 2780 haberet,'
591 2718 658 2782 qnod
670 2718 708 2766 in·
780 2721 793 2748 0
808 2715 917 2765 Honesta
928 2715 1030 2778 quidem,
1039 2716 1080 2763 sed
1089 2713 1282 2780 aequitania]

174 2789 257 2840 valuit
273 2791 379 2853 Romae,
406 2806 475 2842 nnnc
498 2798 526 2841 et
550 2793 663 2843 Lutetia
681 2794 708 2842 in
747 2791 788 2839 Ea
799 2790 880 2841 verba
890 2792 982 2841 mutila
990 2797 1017 2840 et
1033 2797 1165 2854 corrupta.
1175 2792 1280 2843 Tacitus

175 2862 263 2915 Gallia
282 2873 381 2930 nostra,
402 2874 431 2917 ut
449 2868 557 2917 clientes
573 2875 709 2933 potentum
747 2865 914 2931 imposituros
929 2866 989 2917 huic
1004 2866 1070 2915 libro
1086 2863 1173 2930 finem,
1185 2865 1281 2931 judici·

173 2941 372 2996 benefactorum
383 2946 508 3010 imagines
527 2947 707 2998 etismaureas
747 2958 790 2992 um
812 2941 864 2992 fert
881 2944 914 2992 de
930 2948 985 2992 tota
1003 2940 1160 2991 Meuaniae
1171 2941 1279 3007 Tragu-

172 3017 201 3068 in
212 3020 337 3070 cubiculis
349 3021 400 3071 suis
410 3030 576 3073 venerentur.
747 3017 791 3067 dia
802 3034 809 3067 ι
826 3020 920 3082 Nemo,
930 3018 1033 3083 inquit,
1041 3016 1165 3068 adultera
1178 3017 1279 3068 caedem

205 3101 218 3128 ⁰
233 3094 313 3161 »ἥψω
332 3096 478 3160 Pallantem]
510 3099 596 3163 Vulgo
610 3098 708 3163 legitur
746 3101 864 3157 acernen
884 3094 944 3158 quia
965 3093 1060 3143 merito
1079 3093 1162 3158 poenis
1180 3091 1278 3143 tritas-

171 3173 298 3222 marum
308 3173 365 3223 vice
374 3189 460 3238 sapum
479 3174 552 3237 cujus
564 3174 707 3240 remouit,
747 3168 818 3220 fecta
830 3186 837 3219 ε
855 3186 945 3220 verum
954 3170 1024 3220 illinc
1034 3168 1091 3219 fons
1100 3176 1139 3221 tot
1154 3170 1278 3222 malarum

172 3246 341 3297 Levissimum
374 3250 498 3299 Narcisso
531 3248 610 3300 fnisse
649 3249 706 3314 dig·
747 3262 805 3312 qnae
816 3253 984 3298 secutasnnt.

171 3322 281 3373 nitatem
309 3324 380 3374 illam
406 3324 557 3388 mudum
583 3331 705 3389 respectu
780 3322 848 3373 Nam
859 3323 1010 3373 Messallina
1026 3322 1087 3372 viva
1100 3324 1277 3387 nunquamlo·

170 3395 269 3462 fastigii
280 3400 345 3463 ejus,
363 3415 422 3450 eum
432 3401 501 3464 apud
512 3400 648 3451 Claudium
659 3400 705 3450 ob·
745 3413 790 3450 ens
806 3397 876 3448 foret
892 3400 993 3449 incesto
1007 3398 1093 3462 neptis
1104 3398 1277 3466 matrimonio,

171 3472 270 3525 tineret
289 3477 400 3538 primum
419 3477 511 3539 gratia
528 3491 559 3527 sc
577 3477 703 3541 potentiue
744 3488 795 3524 non
807 3472 934 3523 veneficio
945 3473 1101 3536 Britannici,
1111 3488 1162 3524 non
1171 3480 1212 3523 tot
1221 3488 1277 3525 sne·

170 3547 259 3599 lecum
272 3555 331 3614 post
348 3551 496 3602 Pallantem
511 3559 539 3601 et
558 3552 702 3602 Callistum.
742 3549 849 3614 lenibus,
859 3550 949 3616 quibus
961 3551 1033 3599 Nero
1042 3547 1175 3600 infestavit
1185 3550 1275 3602 orbem

169 3624 210 3676 lli
220 3627 339 3689 enim,.ut
355 3627 432 3691 dixit,
444 3628 638 3693 flagrantissima
646 3643 703 3691 gra·
743 3632 879 3676 terrarum.
897 3625 1039 3674 Salinator.

170 3701 208 3752 tia
219 3708 305 3753 erunt.
775 3701 897 3764 Harena]
913 3702 956 3752 Ita
968 3701 1176 3764 interpungeuda
1187 3708 1214 3752 et
1223 3702 1275 3753 dis·

202 3777 286 3827 Simili
315 3776 372 3827 t‘ere
397 3776 474 3827 modo
495 3777 559 3828 Tac.
581 3776 626 3827 lib.
647 3792 702 3842 seq.
742 3778 886 3841 tinguenda
905 3784 965 3827 sunt
984 3777 1028 3825 illa
1044 3776 1143 3826 verba:
1163 3777 1223 3826 Cara
1238 3793 1276 3828 ss·

167 3851 372 3918 ‘Decretasque
382 3853 527 3916 Pomponio
542 3853 703 3917 triumphalis
723 3893 725 3896 ,
742 3854 844 3902 madum
860 3853 994 3901 Pallantem
1010 3856 1033 3900 et
1047 3851 1172 3901 Callistum
1182 3859 1276 3916 ageret,

168 3927 259 3993 bonos,
280 3930 381 3979 modica
392 3944 451 3993 pars
466 3928 543 3979 lamae
558 3930 613 3994 ejus
633 3930 703 3994 apnd
742 3921 1040 3993 praeparamenta
1049 3928 1140 3993 umbus,
1156 3931 1197 3990 irc.
1231 3929 1275 3979 lta

167 4006 306 4071 posteros!
338 4005 416 4059 Quod
438 4004 572 4069 sequntur:
596 4006 704 4054 Harma
742 4011 773 4055 ut
800 4021 849 4055 vox
875 4007 981 4065 honesta,
1009 4019 1060 4055 nou
1086 4003 1215 4055 reseratur
1240 4006 1274 4057 ad

167 4083 262 4146 quiden
282 4081 397 4147 (scilicet
414 4087 444 4130 nt
460 4080 560 4130 libertis
577 4075 639 4130 nibil
650 4094 703 4130 am-
741 4083 867 4145 quoeatoria
874 4082 988 4143 insignia

168 4157 237 4223 plius
248 4157 419 4215 tribueretur,
438 4170 515 4220 quam
530 4157 655 4220 moria
665 4156 702 4206 ia·
775 4159 844 4208 Nam
857 4171 987 4222 nunquam
999 4155 1063 4207 talia
1073 4154 1168 4206 decora
1176 4156 1273 4208 bomsta

168 4231 703 4298 ugerabntelligerdumestironice,prop·
741 4231 816 4285 fuere
825 4234 853 4284 in
863 4232 983 4295 libertir;
999 4232 1047 4284 sed
1057 4232 1153 4284 breda
1163 4235 1272 4296 prasta-

234 4312 362 4382 litigabat
376 4310 434 4364 Vur.
445 4313 513 4363 ctae.
687 4310 764 4364 Tati.
1151 4311 1167 4363 l
1185 4313 1207 4363 C
