3075 4917
169 394 247 448 m
258 392 331 462 ffl—
527 347 918 454 inremuneratu·
1215 379 1283 460 755

172 532 305 605 oemudi
319 533 502 604 orationem
515 533 644 623 coepitr'
670 533 788 618 “Scioj
803 536 1284 614 commmunicando*

174 639 380 726 aplerisque‘·
395 635 632 718 desideratam:
643 639 732 725 quud
741 635 836 707 Asiae
851 639 1056 721 ciuitatibus,
1070 663 1178 728 nuper
1189 645 1280 712 ide'm

174 744 269 830 istud
277 744 475 830 petentibus,
489 760 556 807 nou
571 744 636 807 sim
650 742 865 809 adversatus:
886 743 966 825 ergo
981 751 1017 809 ei
1037 745 1164 828 prioris'
1181 751 1281 814 ndens

173 839 480 923 minatensium,
496 850 530 908 et
541 844 680 929 vquid’iu
701 844 845 909 futurum
860 846 1043 925 statuerim,
1058 849 1156 913 simul
1171 854 1280 937 aperi·

124 983 129 987 -
173 953 242 1015 aui.
273 948 372 1012 'Cum
391 948 437 1011 D.
451 948 629 1030 Augustus
652 939 737 1009 aibik
750 948 946 1029 alque.urbi
969 946 1089 1014 Romae
1120 951 1290 1038 templum,

175 1051 273 1137 apud·
290 1047 491 1133 Pergamum
515 1049 590 1114 sisti
602 1067 685 1113 :nnn
709 1047 955 1131 prohibuisset'3
977 1051 1036 1135 qui
1057 1054 1170 1130 omnia
1190 1054 1280 1124 iacta

41 1141 43 1144 ’
175 1149 432 1238 memque-ejus
446 1152 522 1217 vice
536 1151 622 1235 legis
638 1152 822 1229 observem,
834 1151 997 1236 placitum
1005 1154 1077 1238 jam
1088 1157 1280 1242 exemplum

173 1257 337 1340 promtius
352 1258 488 1319 secutus
506 1272 591 1332 aum,
604 1254 686 1337 quia
706 1251 813 1316 cultui
833 1272 909 1318 meo
921 1258 1119 1321 venerator·
1134 1258 1278 1338 Senatus

174 1349 437 1452 a'dJung'ebatur:
469 1355 633 1434 Ceterum,
649 1360 688 1421 ut
702 1355 807 1421 semel
819 1356 987 1440 recepisse
1001 1359 1131 1424 venium
1151 1361 1276 1428 babue-

173 1553 241 1592 mrtr
258 1546 308 1590 est:
323 1540 385 1591 Non
402 1555 445 1591 me
463 1538 543 1603 iaiiit,
553 1540 586 1590 P.
597 1540 627 1591 G.
640 1538 825 1590 firmitudinem
845 1538 924 1590 animi
939 1540 1017 1591 inme
1028 1541 1116 1617 piures
1126 1549 1276 1608 exoptasse,

173 1617 205 1654 eo
214 1607 282 1670 quod
294 1620 346 1654 non
355 1605 499 1655 obstiterim
511 1603 633 1656 Asiaticis
646 1604 763 1667 urbibus,
774 1619 825 1655 non
837 1604 938 1668 pridem
949 1605 1017 1656 istud
1028 1620 1114 1669 ipsum
1124 1608 1279 1670 postulanti·

173 1668 231 1719 iius.
258 1668 349 1734 ¹igitur
360 1669 527 1733 patefaciam,
537 1670 610 1719 simui
621 1676 650 1718 et
660 1669 753 1734 prioris
763 1668 860 1719 silentii
870 1679 984 1731 mnsam,
993 1676 1021 1719 et
1031 1670 1093 1733 quid
1104 1671 1131 1720 iu
1142 1681 1277 1738 porterum

171 1734 343 1784 decreverim.
368 1736 433 1784 Cum
446 1737 481 1784 l).
494 1734 628 1798 Angustus
639 1749 691 1783 nou
700 1734 828 1784 vetuisset
837 1733 937 1782 exstrui
947 1734 1072 1798 templum
1084 1734 1205 1799 Pergami
1219 1737 1278 1801 sibi,

172 1807 202 1848 et
217 1797 275 1847 urbi
286 1801 393 1860 Romae3
410 1815 457 1862 ego
468 1798 512 1864 qui
523 1806 618 1849 cuncta
628 1799 707 1849 rerba
717 1805 829 1875 actaque
840 1797 986 1862 ejusiustar
997 1798 1095 1847 oraculi
1106 1814 1226 1864 venerer,
1237 1817 1277 1852 re·

171 1870 280 1926 ceptum
285 1864 340 1927 jam
350 1864 505 1927 institutum,
516 1864 637 1913 libentius
648 1871 677 1913 et
688 1864 830 1926 impensius
844 1861 961 1911 imitatus
972 1862 1105 1940 sum,quia
1115 1864 1206 1914 honori
1217 1880 1276 1917 meo

171 1928 258 1984 cottus
269 1928 378 1978 Petrum
393 1928 576 1993 adjiciebatur.
609 1928 695 1979 Porro
706 1935 737 1977 ut
747 1926 828 1977 semei
839 1925 994 1991 approbasse
1005 1941 1082 1977 venia
1096 1927 1202 1993 dignum
1218 1928 1276 1984 fue·

205 2189 395 2244 mosomum
411 2190 499 2254 rusum]
530 2190 599 2244 Quis
619 2206 704 2257 nuper
744 2197 773 2240 et
783 2188 882 2240 denarii
891 2195 1011 2240 veteres:
1029 2189 1054 2239 ln
1071 2188 1165 2255 quibua
1185 2190 1278 2254 tempii

172 2263 403 2320 Asta'eivttatibus
412 2268 481 2318 idem
490 2269 641 2334 petentibus
652 2283 703 2330 non
743 2263 828 2316 forma
850 2281 908 2315 cunr
929 2266 1108 2330 inscriptione,
1129 2279 1278 2319 corrasus

171 2356 229 2390 sum
252 2339 409 2406 refragatus,
435 2344 490 2394 scio
509 2359 551 2394 me
572 2343 703 2410 plerisque
745 2354 936 2393 nors-auaro.
951 2341 979 2391 id
990 2349 1041 2403 ast,
1052 2343 1194 2406 Commune
1205 2342 1278 2394 Asiae

171 2430 226 2468 uon
247 2419 312 2468 satis
330 2426 493 2470 constantem
511 2418 657 2485 t'orteurque
677 2420 704 2467 iu
745 2418 821 2468 Rom.
833 2428 862 2467 et
872 2417 1003 2482 Augusto:
1016 2418 1049 2468 de
1060 2434 1113 2483 qno
1124 2420 1187 2469 satie
1195 2421 1279 2470 muita

171 2493 334 2545 declinandis
357 2495 443 2545 nimiis
461 2495 600 2546 bonofilius
620 2496 704 2546 visum
745 2495 799 2545 Dio
811 2497 830 2545 Ι.
843 2508 878 2545 ra.
892 2496 918 2544 iu
930 2495 996 2545 actis
1009 2496 1069 2546 auui
1079 2500 1137 2546 725.

171 2572 301 2632 essedo.
684 2599 687 2606 ·
777 2572 853 2622 Facit
870 2571 939 2635 qnod
959 2571 984 2620 iu
1004 2570 1134 2635 lapidibus
1151 2572 1276 2635 legimus:

188 2648 211 2692 *l
228 2649 324 2699 Primis
331 2650 433 2713 alentii]
449 2651 517 2713 Ergo
528 2648 705 2714 nuncpariter
744 2660 1005 2699 unumunurm
1015 2659 1080 2698 aru.
1096 2655 1125 2698 et
1142 2648 1211 2712 apud
1223 2647 1278 2699 Ru·

171 2732 199 2775 et
208 2725 281 2789 prius
291 2725 424 2775 silentium
434 2739 555 2789 purgare,
565 2732 593 2774 et
604 2723 665 2790 quid
677 2724 704 2772 in
743 2725 798 2774 ium
808 2726 943 2789 Templum
963 2726 1052 2775 Romae
1069 2730 1098 2776 et
1109 2724 1230 2791 Augusti,
1249 2727 1275 2775 in

171 2809 306 2865 posterum
324 2802 493 2865 decreverim,
510 2814 628 2865 promere
645 2814 705 2849 cou-
725 2801 801 2866 'ipsa
814 2804 886 2852 urbe.
903 2802 1009 2866 Lipsius.

172 2879 256 2929 stitui.
776 2878 911 2941 Augustius]
937 2879 1091 2943 Exemplum
1105 2878 1215 2943 Augusti
1235 2892 1277 2928 se·

204 2952 217 2986 ¹
233 2955 268 3005 D.
281 2956 405 3017 Anguem
414 2953 472 3017 rui]
489 2953 643 3018 Exemplum
658 2952 704 3002 iru-
744 2964 821 3005 cutus
832 2971 887 3006 surn
904 2961 979 3006 tanto
995 2955 1131 3020 promtius,
1142 2953 1203 3019 qula
1213 2960 1278 3003 tem·

166 3022 211 3095 jus
232 3031 388 3081 adulationis
407 3037 423 3080 s
442 3030 539 3090 Persis,
562 3028 594 3077 de
607 3028 704 3093 rquibus
743 3033 815 3097 plum
828 3032 891 3083 iliud
904 3046 956 3081 non
967 3031 1028 3104 mihi
1040 3030 1087 3079 soii
1098 3029 1277 3093 dedicabatur,

171 3106 242 3171 apud
261 3106 295 3157 Q,
316 3106 436 3155 Curtium
454 3113 599 3171 postremus
618 3119 704 3154 servo·
743 3110 790 3157 sed
802 3124 860 3159 meo
871 3109 953 3158 cultui
972 3115 1187 3174 senatusquoque
1198 3121 1277 3157 rene·

169 3198 228 3234 rum
239 3183 320 3233 Cleo:
338 3182 455 3232 ‘Persas
475 3196 526 3230 noa
546 3181 628 3231 soiuru
650 3181 702 3244 pie,
744 3186 810 3234 ratio
826 3184 971 3248 'conjuncta
981 3190 1049 3245 erat,
1061 3191 1089 3234 et
1104 3182 1160 3232 huc
1171 3183 1276 3247 quidem

169 3258 217 3309 sed
229 3259 308 3309 etiam
319 3258 471 3323 prudenter,
481 3271 556 3321 reges
565 3271 624 3306 suos
633 3258 704 3305 inter
744 3261 836 3325 prioris
847 3260 898 3311 mci
909 3260 1007 3310 silentii
1018 3258 1136 3320 defensio
1153 3266 1202 3311 est.

170 3336 241 3385 Deos
251 3335 354 3396 coiere:
372 3333 612 3397 majestatemeuim
623 3334 704 3397 impe·
777 3335 783 3370 ¹
796 3334 958 3397 Omulcfactn
967 3335 1086 3400 diuum]
1102 3335 1178 3387 Quod
1197 3334 1231 3386 de
1247 3349 1276 3388 se

168 3410 211 3473 rii,
221 3410 311 3459 salutis
323 3424 379 3459 case
389 3407 516 3458 tuteiaur.'
672 3419 675 3426 ⁴
742 3411 785 3460 iric
800 3410 929 3474 Tiberius,
939 3410 1033 3460 tribuit
1042 3410 1080 3461 ilii
1091 3410 1169 3460 etiam
1178 3411 1275 3462 Strabo

204 3487 303 3538 Eadem
314 3485 579 3550 Augustamnicam
596 3493 626 3536 ut
639 3487 703 3537 leui·
743 3488 761 3536 l.
779 3497 820 3537 vr.
840 3493 972 3537 extremo:
999 3486 1159 3550 “liberius‚'
1181 3487 1276 3552 iuquit,

169 3569 213 3613 r'et
235 3562 366 3624 iuvidiam,
384 3562 499 3613 nonsibi
518 3564 565 3612 soii
585 3564 703 3626 permisit
743 3563 889 3613 ‘successit
899 3562 1018 3627 Augusto
1027 3561 1046 3612 ι’
1063 3561 1150 3611 κάνονα
1160 3564 1204 3621 τῆς
1220 3565 1276 3611 διοι-

168 3640 270 3703 templa
291 3638 378 3702 statui,
398 3637 444 3688 sed
466 3639 626 3702 conjunctim
646 3640 703 3690 urbi
742 3638 936 3699 niuturuulroir
943 3633 1275 3703 rpoutuypdrurrrorodperos

168 3716 277 3766 Romae:
295 3730 353 3780 quae
367 3716 422 3778 jam
434 3715 533 3779 pridem
545 3715 647 3766 scilicet
665 3716 707 3766 in·
742 3717 844 3765 ircim:
863 3717 1012 3782 ‘Regulam
1039 3729 1208 3777 normamque
1231 3729 1276 3778 gu·

168 3802 212 3843 ter
219 3793 296 3842 Desa.
312 3791 467 3842 Suetonius:
479 3794 605 3856 ‘Templa
615 3808 705 3860 quam·
743 3793 902 3844 bernarionis
915 3800 942 3844 et
960 3792 1064 3858 imperii
1074 3793 1147 3841 iilum
1156 3788 1275 3840 iaciens!
1364 3818 1366 3823 =

169 3867 209 3917 vis
220 3867 299 3918 sciret
309 3861 389 3918 etiarn
401 3868 600 3919 Proconsulibus
613 3868 703 3935 decer·
741 3868 847 3933 Lipsius.
1144 3885 1163 3895 '¹

168 3944 340 4008 uisoiere,in
359 3944 430 3994 uuila
451 3954 538 3995 tamen
556 3945 701 4014 provincia,
774 3951 793 3980 ὓ
811 3946 893 3996 Callai
913 3961 963 3995 meu
981 3941 1113 4007 emur]
1139 3943 1275 4005 Templum

167 4019 220 4071 uisi
232 4020 360 4070 communi
379 4035 425 4069 suo
437 4019 580 4087 Romaeque
599 4020 702 4072 nornine
742 4022 821 4085 enim,
843 4019 876 4070 de
898 4036 949 4086 qno
975 4019 1099 4083 loquitur,
1123 4018 1278 4071 dedicatum

167 4096 291 4163 recepit)
347 4111 350 4118 ’
515 4095 518 4100 “
605 4152 608 4157 Α
742 4096 940 4158 erat‚‘Tiberio
956 4095 1084 4160 matrique
1102 4094 1162 4159 ejus
1181 4103 1213 4148 sc
1230 4096 1278 4148 So*

191 4172 271 4223 *itas
287 4172 416 4222 communi
426 4170 498 4223 Asiae
509 4170 631 4238 Pergami
638 4178 702 4240 :sta-
741 4165 815 4222 natui
825 4171 841 4224 ι’
861 4187 900 4224 rr.
912 4176 951 4223 15.
976 4171 1173 4223 Freinshemius
1189 4182 1195 4192 ‘

168 4255 255 4301 tutum
266 4250 403 4312 templum,
414 4247 447 4297 de
457 4263 510 4314 quo
527 4248 571 4300 irie
581 4248 701 4311 Tacitus,
814 4268 829 4277 ··
933 4255 945 4280 ¹·
1152 4293 1155 4300 .

235 4328 505 4395 blateronem
567 4391 570 4395 Ι
687 4327 766 4381 ruit.
1157 4328 1207 4380 ab
