3075 4917
213 346 352 415 aena]
576 342 784 394 ruunnruu
807 344 880 393 nru.
903 341 961 396 xr.
1237 332 1325 401 nea

213 491 278 570 etsi
299 490 440 574 justum,
455 489 602 555 dolorem
616 487 722 572 pudor
733 487 961 571 impediebat.v
983 545 986 549 Δ
1005 485 1188 566 Continuus
1203 491 1320 574 debinc

107 596 109 598 ’
213 591 399 656 cohortium
412 592 547 668 clamor,
565 595 574 624 ‘
589 591 725 653 nomina
739 609 870 655 reorum
886 595 919 653 et
933 591 1064 673 poenas'
1085 592 1320 675 flagitantium:

213 691 433 778 admotusque
448 694 554 757 Silius
568 691 757 770 tribunali,W
776 683 841 756 non
864 692 1095 772 defensionem,
1118 676 1184 757 non
1206 697 1320 760 moras

213 796 374 873 tentavit,
388 801 557 879 precatus,
587 798 649 858 ‘ut
671 813 760 857 mors
784 792 1044 859 acceleraretur?
1088 794 1217 859 Eadem
1242 816 1321 861 con·

213 898 336 961 stantia
357 903 390 961 et
410 899 552 961 illustres
575 895 714 978 Equites
729 893 903 958 Romanos
918 892 1061 977 cupidos
1075 901 1214 961 maturae
1228 899 1320 975 necis

211 996 304 1062 fecit.
347 998 472 1061 Titium
489 997 682 1072 Proculum,
698 995 868 1059 custodem
889 1015 910 1058 a
926 995 1020 1060 Silio³
1039 994 1245 1063 Messallinae
1261 999 1319 1063 da·

211 1180 350 1229 veromam
359 1178 475 1241 munim,
484 1178 590 1242 quomod
603 1177 710 1240 legitimo
727 1176 810 1226 dolori.
846 1176 913 1226 Dein
931 1176 1036 1240 excepit
1053 1178 1191 1238 oonfferntr'o
1208 1182 1320 1233 continua

209 1244 415 1307 pretorianorum,
432 1243 629 1306 apodemium
647 1240 936 1303 vocabulanoxioruur,
955 1247 984 1291 et
1001 1243 1146 1306 supplicia;
1163 1246 1320 1309 adductusque

210 1306 287 1357 &tiae
295 1312 327 1357 od
337 1309 451 1370 tribum,
460 1323 507 1356 non
516 1308 606 1356 waere
614 1308 696 1369 maha,
706 1321 752 1355 nort
763 1306 857 1355 trabere
867 1311 959 1369 tempas
966 1311 1062 1355 munus
1072 1313 1117 1369 ert,
1128 1307 1216 1370 immo,
1226 1315 1256 1358 ut
1266 1323 1318 1359 nex

211 1369 388 1435 festinaretur,
397 1373 484 1421 oravit.
518 1373 610 1421 Eodem
619 1372 695 1420 virtu
703 1370 820 1433 permovit
830 1370 902 1419 etiam
912 1370 1019 1430 turmore
1037 1372 1126 1433 equitet
1136 1372 1207 1421 Rom.
1219 1378 1246 1421 vt
1262 1388 1318 1436 pro-

207 1451 292 1498 perant
302 1442 400 1486 rumdam
410 1441 529 1501 caperem.
562 1437 656 1500 ltaque
668 1436 723 1499 rapi
734 1433 767 1484 ad
779 1434 936 1498 supplicium
949 1434 1020 1495 juber
1039 1435 1128 1494 Titium
1138 1436 1266 1487 Proculum
1275 1452 1318 1501 np-

674 1567 852 1587 conuentu

212 1625 572 1704 Continarudebineeobortium
579 1654 674 1702 amour.
695 1631 826 1701 Anauros
839 1650 1100 1702 accommodate.'-3
1118 1652 1318 1705 BenePiclrena

210 1733 244 1768 ex
256 1720 307 1769 Ms.
318 1719 388 1794 Flor.
420 1718 491 1767 Male
503 1718 529 1766 in
541 1717 636 1768 ceteris
648 1717 709 1767 Silio
719 1733 747 1767 uc
757 1718 904 1767 Marcelline
913 1718 1004 1767 dutum
1037 1717 1148 1768 Brotier.

706 1885 815 1937 NOTAE

242 2005 255 2032 v
270 1999 515 2064 Pudorimpediebot]
540 1999 629 2049 Pudor
646 2013 742 2062 nempe
783 2004 812 2049 et
823 1996 949 2062 agebatur
958 1999 1025 2048 salvs
1034 1997 1158 2063 principis
1167 2005 1196 2049 et
1204 1999 1315 2065 Reipub.
1395 2003 1399 2014 ¹

208 2074 301 2140 flagitii
310 2075 655 2139 domesticiimpediebat,ne
663 2090 743 2142 quarr-
783 2073 820 2123 sic
831 2073 899 2124 forte
910 2074 1045 2123 damnatus
1057 2081 1127 2124 esset
1136 2076 1268 2126 aclaudio
1277 2076 1316 2141 ip·

210 2152 304 2202 tumvis
311 2151 411 2215 justum
423 2151 536 2200 dolorem
548 2150 634 2210 verbis
645 2157 673 2201 et
685 2166 742 2200 ora·
782 2164 812 2198 so
835 2163 893 2198 curu
915 2148 1094 2211 assessoribus,
1114 2156 1142 2197 et
1162 2148 1232 2199 forte
1252 2149 1316 2214 ipsis

208 2227 281 2277 tione
291 2227 407 2290 longiore
417 2233 598 2290 expromeret,
614 2225 640 2274 id
659 2226 697 2275 sic
714 2226 743 2275 et
783 2222 914 2287 praefectis
931 2224 1048 2288 praetorii
1067 2230 1096 2273 et
1113 2224 1224 2275 tribunis
1241 2234 1316 2278 extra

209 2307 278 2353 teste
295 2303 402 2352 Sueten.
417 2301 509 2353 Claud.
520 2306 561 2350 26.
582 2303 590 2330 ‘
602 2301 755 2352 confirma·-
782 2304 907 2363 ordinem,
918 2303 984 2353 utin
996 2316 1025 2350 re
1035 2302 1196 2365 gravissima.

208 2379 298 2443 vitque
317 2394 364 2443 pro
376 2379 500 2428 concione
518 2378 588 2441 apud
608 2379 742 2442 praetoria·
816 2371 950 2439 Tribaoolr']
973 2379 1093 2427 Formam
1112 2377 1250 2428 tribunalis
1270 2379 1314 2431 de-

209 2468 266 2515 nos,
282 2460 407 2518 quatenus
425 2453 473 2503 sibi
491 2453 656 2518 matrimonia
674 2455 741 2503 male
782 2454 1030 2517 scripsitVitruvius
1041 2454 1057 2502 Ι.
1068 2467 1094 2503 v.
1103 2453 1147 2503 ubi
1159 2453 1192 2503 de
1203 2455 1315 2505 Basilica

209 2528 344 2591 cederent,
354 2542 549 2593 permansurum
559 2544 588 2578 re
599 2530 624 2578 in
638 2530 740 2580 coeliba·
781 2529 863 2590 iulia,
873 2529 899 2576 in
912 2543 961 2593 qua
970 2527 1020 2576 fuit
1032 2527 1100 2576 aedes
1111 2526 1220 2592 Augusti
1233 2534 1260 2594 et
1270 2529 1316 2579 tri·

209 2611 238 2655 tu
250 2605 266 2653 :'
281 2605 326 2653 red
337 2603 438 2654 utlevis
447 2606 492 2654 ille
501 2605 603 2669 ingenio
611 2606 637 2655 in
646 2607 741 2656 ceteris
782 2604 869 2654 bunal.
900 2602 986 2652 Verba
998 2603 1056 2665 ejus
1067 2604 1122 2652 baec
1131 2609 1208 2652 suntr
1226 2603 1313 2655 ‘Item

209 2677 297 2740 rebus,
307 2680 345 2729 its
354 2679 381 2728 in
389 2680 564 2730 matrimoniis.
781 2679 895 2728 tribunal
913 2685 953 2727 est
972 2678 999 2727 in
1018 2692 1049 2727 ea
1066 2677 1131 2740 aede,
1150 2679 1315 2743 Hemicyclio

240 2760 257 2786 '
272 2755 433 2817 Admotarque
441 2754 740 2819 Siliuatribanali].Puto
779 2754 923 2804 Schematis
941 2753 1046 2803 minoris
1064 2760 1203 2803 curvatura
1221 2754 1314 2808 formas

206 2829 235 2878 in
246 2829 309 2892 ipsis
320 2830 434 2892 Castris3
450 2845 510 2879 narn
521 2832 556 2881 ibi
568 2830 619 2881 fuit
629 2833 740 2882 tribuual
782 2837 844 2880 turn.
873 2830 936 2894 Ejus
946 2835 1033 2878 antem
1043 2828 1199 2892 Hemicyclii
1209 2831 1236 2879 in
1244 2830 1316 2882 fron·

208 2912 434 2971 perpetuumque
452 2906 537 2970 imago
553 2922 632 2957 aurea
647 2910 741 2972 princi·
782 2914 809 2957 te
820 2912 860 2956 ert
878 2906 1042 2956 intervalium
1053 2895 1134 2968 pedes
1145 2921 1190 2955 rex
1207 2914 1236 2957 et
1252 2925 1315 2973 qua·

207 2980 249 3045 pis
260 2981 287 3029 in
298 2982 363 3036 sella
374 2982 466 3043 curuli,
476 2990 521 3031 ant
538 2997 588 3046 quo
604 2984 659 3046 ipse
670 2984 740 3048 prin·
780 2981 914 3044 draginta3
931 2982 1055 3030 introrsus
1074 2989 1212 3032 curvatura
1231 2986 1312 3048 pedes

208 3071 271 3121 ceps
299 3057 473 3126 alloqueretur
500 3058 679 3120 praetorianos,
712 3064 740 3107 et
780 3055 942 3121 quindecim
959 3056 1043 3120 utqui
1054 3057 1124 3119 apud
1144 3059 1311 3120 magistratus

208 3132 279 3198 quod
289 3146 365 3182 nemo
376 3133 440 3181 alius
454 3132 616 3196 escenderet,
624 3133 680 3182 sine
691 3133 740 3183 cri·
780 3137 882 3182 starent
891 3131 1054 3195 negotiantes
1065 3133 1093 3182 in
1101 3132 1208 3183 basilica
1217 3150 1250 3185 ne
1267 3136 1312 3187 im·

207 3207 279 3256 rnine
288 3207 440 3271 majestatis,
450 3208 500 3256 nisi
508 3206 587 3270 forte,
597 3214 627 3257 nt
635 3208 741 3259 seditio·
779 3207 916 3272 peditent?

198 3296 267 3337 *nem
279 3283 390 3348 aliquam
399 3289 588 3347 compesceret·
812 3282 912 3335 Quibus
921 3284 1008 3334 verbis
1022 3284 1158 3335 Vitruvius
1173 3285 1311 3353 significat,

240 3360 318 3411 Quod
326 3367 412 3409 tamen
420 3375 454 3409 ex
463 3360 513 3408 alio
520 3360 576 3410 loco
585 3366 612 3411 et
622 3359 672 3409 alio
681 3375 739 3423 sag·
778 3353 888 3408 formam
905 3360 973 3409 illius
990 3360 1127 3410 tribunalis
1138 3376 1188 3410 non
1200 3363 1312 3414 semicir-
1353 3351 1360 3357 “

207 3440 283 3499 gestu
302 3436 388 3498 potuit
405 3434 535 3508 tribunus,
546 3434 591 3499 qni
607 3436 738 3485 vesaniam
779 3435 892 3484 cularenr
911 3434 1217 3499 fuissentsummum.
1250 3438 1312 3488 Non

206 3512 346 3561 militarem
357 3511 502 3575 coerceret,
518 3519 546 3562 et
556 3512 655 3562 animos
665 3511 739 3563 seda·
779 3512 847 3562 enirn
862 3512 929 3575 justi
949 3512 1072 3576 ambitus,
1085 3512 1207 3576 plenique
1226 3514 1312 3565 centri

206 3595 266 3637 ret:
284 3587 353 3652 quod
370 3587 481 3651 contigit
493 3595 673 3651 postmortem
684 3589 739 3638 Ne·
780 3586 953 3652 Hemicylium
968 3587 1034 3637 illud
1044 3586 1136 3651 fuisse,
1148 3586 1193 3637 sed
1209 3588 1248 3637 ita
1258 3603 1313 3639 mo·

206 3662 291 3727 ronis,
298 3663 359 3713 dum
370 3661 523 3713 adventaret
534 3663 621 3713 Galba
631 3678 664 3713 ex
678 3663 739 3713 His-
780 3662 904 3725 (inlatum,
915 3671 945 3714 nt
955 3664 982 3712 in
993 3662 1090 3728 fronte,
1105 3664 1144 3730 (id
1156 3669 1206 3727 est,
1217 3668 1247 3713 ut
1257 3676 1311 3713 ma·

207 3739 295 3803 pauia,
305 3738 463 3803 Nymphidio
474 3740 625 3789 rebellante.
780 3740 913 3790 tlrernatici
931 3740 1034 3806 dicunt)
1058 3741 1085 3789 in
1102 3741 1199 3790 chorda
1217 3754 1264 3790 sex
1282 3746 1312 3793 et

242 3813 377 3878 interruit]
392 3815 480 3878 Forte,
487 3814 602 3865 tribunati
610 3816 739 3880 praetoris,
780 3815 951 3881 qradraginta
970 3815 1069 3880 pedes3
1091 3816 1217 3865 introrsus
1237 3830 1310 3882 vero,

191 3891 250 3940 ¹cui
262 3904 295 3939 ea
305 3889 414 3953 quaetio
425 3889 511 3953 gravis
528 3891 661 3954 attingens
680 3905 739 3950 ere·
779 3892 870 3955 idest,
885 3892 912 3940 in
927 3892 995 3941 linea
1013 3891 1232 3957 perpendiculari,
1249 3907 1316 3957 qua·

207 3971 293 4017 neret.
317 3967 376 4015 Non
387 3967 465 4029 eninr,
475 3973 549 4031 puto,
557 3968 644 4018 Coesar
655 3968 681 4016 in
693 3968 739 4018 tali
779 3968 851 4031 quasi
863 3966 960 4030 sagitta
976 3974 1017 4017 ert
1032 3968 1059 4017 in
1076 3982 1147 4033 arcu,
1159 3967 1309 4034 quindecim

207 4056 287 4112 musa
297 4056 344 4091 sua
351 4042 445 4105 judex.
478 4041 515 4090 At
525 4042 546 4091 si
557 4042 690 4093 damnatus
698 4049 739 4092 est
778 4043 859 4106 pedes
872 4049 985 4107 pateret.
1017 4059 1022 4068 ¹

206 4118 286 4167 Silius
306 4118 334 4166 in
349 4116 461 4182 Castris,
471 4118 509 4167 ric
520 4116 597 4184 forte,
607 4120 669 4184 quia
679 4134 737 4168 rens
809 4118 838 4168 Si
855 4119 923 4168 enim
937 4120 1038 4184 justum
1053 4122 1209 4188 plenumque
1220 4120 1318 4172 Hanni-2
1334 4115 1337 4122 '

207 4195 277 4247 lasae
287 4194 442 4261 majestatis,
451 4203 480 4245 et
490 4194 550 4259 quia
560 4208 602 4246 res
620 4195 739 4261 urgebat,
777 4194 889 4259 cyclium
906 4193 1012 4262 fuisset,
1019 4194 1087 4246 linea
1097 4196 1154 4248 brec
1171 4194 1318 4263 perpendi·-
