3075 4917
94 373 300 442 ,actuu-
512 363 718 417 suuanruu
742 367 815 416 urs.
839 368 891 416 vn
1009 423 1019 431 „
1182 349 1249 421 w

151 514 240 579 buno
260 510 462 596 phoenicem,
477 529 586 593 neque
600 506 753 574 Arabum
765 529 785 573 e
799 509 893 573 terris
907 507 1086 587 credidere,
1100 506 1249 594 nihilque

147 615 365 699 usurpavisse
384 633 429 676 ex
450 613 513 689 hie,
529 632 605 696 quae
625 615 721 674 vetus
735 610 895 674 memoria
917 609 1076 675 firmavit:
1096 611 1250 675 confecto

147 718 274 802 quippe
289 734 448 779 annorum
461 731 605 789 numero,
616 711 674 775 nbi
684 729 774 775 mors
785 711 995 794 propinquet,
1007 711 1080 773 suis
1091 710 1125 772 iu
1139 710 1247 776 terris⁶

150 824 273 884 struere
286 817 412 891 nidum,
424 816 521 898 eique
534 815 602 878 vim
617 812 792 895 genitalem
803 811 981 889 affimdere,
996 830 1041 876 ex
1050 830 1118 896 qua
1129 805 1249 878 foetum

149 918 246 984 oriri:
269 924 303 982 et
323 918 461 1000 primam
483 915 596 980 adulto
611 934 724 978 curam
746 913 926 997 sepeliendi
938 914 1062 997 patris:
1084 933 1191 997 neque
1212 913 1251 979 iu

150 1024 281 1097 temere,
304 1018 365 1083 sed
388 1018 519 1088 sublato
541 1016 683 1100 myrrhae
707 1017 880 1100 pondere,p
893 1020 1081 1098 tentatoque
1104 1035 1164 1098 per
1178 1016 1251 1080 lon«
1311 1049 1320 1069 ι

151 1141 230 1204 gum
252 1119 436 1199 iter,⁷‘¹ubi
460 1138 524 1203 par
545 1121 647 1198 oneri,
663 1138 726 1202 par
746 1119 870 1182 meatui
890 1118 943 1194 sit,
960 1117 1085 1182 subire⁸
1106 1118 1252 1201 patrium

151 1231 298 1306 corpus,r
311 1223 412 1304 inque
436 1221 526 1285 Solis
554 1229 657 1285 aram·
670 1221 811 1303 perferre
833 1224 932 1302 atque
946 1217 1116 1285 adolere.⁹‘
1160 1218 1249 1284 Haeo

151 1402 246 1467 pelium
263 1403 437 1464 existimavere,
448 1402 568 1466 fictitium
585 1402 657 1452 ianm
671 1402 817 1466 phenicem,
838 1415 912 1465 neque
932 1401 1066 1451 advolasse
1085 1416 1100 1451 e
1114 1401 1249 1463 regionibns

151 1467 267 1528 Anubem,
274 1468 378 1530 ninilque
383 1466 512 1526 factitasse
521 1481 610 1529 aarum,
621 1483 673 1529 pnoe
681 1468 767 1530 priscis
776 1466 931 1517 monumentis
939 1467 1034 1532 modio
1044 1471 1107 1515 sunt.
1142 1468 1251 1530 Namque

150 1537 234 1580 exodo
244 1546 294 1579 sne
303 1532 383 1580 elutis
390 1531 479 1593 spolio,
486 1531 527 1579 ubi
538 1545 599 1580 mors
607 1532 691 1591 inunt,
701 1532 750 1581 sais
759 1532 787 1580 in
801 1530 934 1594 regiarum
947 1531 1066 1596 adificare
1080 1530 1172 1593 niciam,
1185 1531 1251 1595 eique

149 1595 263 1644 motem
273 1593 409 1643 seminalem
425 1596 516 1659 φατε,
526 1610 557 1644 ex
576 1610 621 1658 quo
636 1597 715 1657 pullus
734 1594 863 1655 noxum
879 1599 913 1656 et,
931 1600 1054 1658 portum
1073 1596 1183 1656 emunit,
1199 1595 1252 1658 pri·

150 1673 214 1707 marn
228 1660 333 1707 studim
343 1673 400 1707 esse
412 1659 461 1721 ipsi
484 1662 590 1707 struendi
606 1674 688 1721 regum
699 1661 764 1721 pratri
770 1675 781 1717 ,⁶
799 1674 873 1722 neque
890 1660 917 1707 iu
929 1657 1035 1718 fertum
1055 1663 1098 1707 orit
1113 1660 1252 1720 inconsulto,

151 1723 292 1771 aasabim
310 1724 412 1786 inunita
423 1721 548 1785 fenuculo,
558 1724 722 1786 explnrtuqse
728 1738 772 1786 per
781 1724 918 1772 immmnrn
929 1727 1033 1771 tructam
1047 1722 1096 1784 oio,
1106 1722 1147 1772 ubi
1164 1723 1251 1787 suffieit

147 1788 258 1851 ponderi,
275 1786 319 1836 ubi
335 1787 421 1852 suffieit
438 1787 535 1850 semlai,
545 1788 652 1837 attollere
670 1789 773 1837 berneris
791 1801 873 1851 eorpus
886 1792 1021 1852 putenm,
1030 1790 1056 1836 'et
1071 1788 1098 1836 in
1113 1786 1168 1835 solis
1183 1802 1251 1836 orem

150 2033 201 2079 -6
216 2028 345 2079 Emendat
352 2028 484 2090 Heinsius,
492 2030 590 2081 sureelis
599 2032 705 2094 attaris,
722 2032 763 2080 rel
773 2030 873 2079 mrrulb
888 2028 987 2078 thureis.
1011 2026 1088 2094 ‘Satis
1098 2027 1251 2092 ingeniose:

149 2092 198 2142 sed
222 2093 327 2142 minime
345 2094 526 2157 probabiliter.
559 2095 616 2144 Suis
636 2096 661 2144 in
677 2094 759 2156 terris,
777 2094 803 2144 id
824 2098 872 2154 est,
882 2094 909 2142 in
916 2092 1024 2142 Arabum
1036 2092 1116 2142 terris.
1138 2093 1251 2144 Brotier.

150 2161 200 2205 -7
217 2157 310 2207 Mallet
321 2158 443 2207 Heinsius
465 2158 559 2208 itinere.
594 2159 665 2209 Nihil
689 2158 852 2208 mutaverim.
889 2157 1013 2205 Idem-8
1030 2156 1146 2205 Pessime
1166 2171 1253 2206 ernen-

152 2222 202 2270 dat
211 2221 357 2283 Salmasius,
367 2222 479 2284 mbiaere,
490 2222 560 2287 quod
571 2223 711 2288 antiquitus
723 2223 821 2272 dictum
828 2235 885 2284 pro,
893 2219 1014 2279 subjicere.
1048 2220 1133 2270 Sabine
1147 2222 1254 2283 pstrim

150 2300 244 2348 eorpus,
263 2293 291 2334 ut
303 2293 374 2334 reete
392 2286 508 2348 explicat
525 2287 565 2335 Cl.
577 2287 779 2349 Ernestns,est‘
790 2287 866 2335 dorso
887 2283 1007 2334 efferre!
1017 2284 1085 2334 haud
1100 2284 1177 2333 aliter
1193 2286 1253 2334 Vir·

152 2349 227 2411 gilius
239 2349 390 2399 AEneld.1v.
401 2354 457 2399 599.
475 2352 482 2378 ‘
496 2350 580 2400 Quem
592 2352 702 2400 subiisse
718 2351 832 2399 humeris
843 2347 993 2399 confectum
1005 2354 1084 2397 aetate
1099 2350 1252 2411 parentem?

152 2413 197 2461 De
211 2414 260 2462 boe
277 2427 379 2477 quoqne
396 2429 444 2463 usu
466 2413 525 2462 vide
544 2414 747 2477 Artemidorum,
766 2413 951 2464 Oneiroeritic.
969 2426 1007 2460 ιν.
1028 2416 1068 2461 lo.
1086 2413 1209 2462 nonnulla
1225 2421 1273 2471 et·

149 2489 219 2532 nova
235 2476 268 2526 ‹le
287 2478 411 2527 Phoeuice
431 2476 599 2529 effutientem.
619 2479 745 2529 Idem-9
762 2480 870 2528 Frustra
886 2481 972 2527 tentat
988 2476 1029 2526 cl.
1040 2476 1167 2540 Ryckius‚
1181 2482 1252 2541 atqie

638 2621 747 2674 NOTAE

151 2737 234 2798 gypto
254 2733 389 2809 hodierna,
410 2735 458 2785 sub
478 2736 576 2787 Tarsis.
610 2736 682 2785 Tille-
720 2739 761 2784 est
771 2732 858 2783 subire.
892 2731 1062 2785 Scribeudum
1077 2739 1157 2797 poto:
1181 2732 1253 2783 Subi·

150 2808 250 2859 nonius.
719 2826 772 2859 cere
788 2810 896 2874 putrium
916 2825 1007 2875 cerpua
1040 2811 1076 2861 Et
1091 2810 1113 2860 si
1130 2810 1254 2871 attendis,

183 2891 198 2926 Ρ
215 2875 423 2951 Sublatomyrrle
435 2890 548 2954 pondere]
564 2888 683 2938 Ferendo
722 2900 812 2935 rernm
825 2885 960 2950 fateberis.

118 3013 123 3018 ,
149 2973 226 3022 onus,
241 2961 310 3024 quod
330 2971 415 3010 tamen
437 2965 611 3013 necessarium
632 2962 684 3014 fuit
761 2963 795 3011 In
816 2963 927 3030 myrrbae
950 2962 1064 3026 pondere
1084 2966 1165 3021 certo,
1186 2961 1253 3010 vires

148 3036 274 3088 nubendo
284 3051 345 3102 rogo
354 3046 473 3103 paterno,
485 3041 578 3088 sensim
586 3054 685 3088 assues·
723 3052 782 3087 snas
802 3038 937 3100 experitur
954 3038 1058 3101 phoenix
1073 3038 1168 3100 pullus.
1200 3029 1254 3087 Ubi

150 3112 189 3163 cit
201 3113 311 3176 ponderi
323 3120 351 3163 et
361 3113 458 3178 itineri,
465 3120 495 3163 nt
504 3114 610 3165 tandem
625 3114 684 3163 sub·
724 3113 807 3176 videt,
823 3127 912 3175 parem
924 3128 952 3170 se
964 3127 1019 3163 esse
1036 3113 1074 3162 illi
1085 3112 1158 3160 oneri
1169 3111 1254 3161 fereu-

42 3197 47 3206 '
148 3187 190 3237 ire
213 3188 322 3252 putrium
342 3203 437 3251 corpus
458 3188 685 3252 valeat‚snffieiat·
724 3189 767 3251 do,
783 3194 919 3238 exenterat
937 3187 1002 3237 illud
1023 3202 1100 3237 ovum
1117 3203 1132 3236 e
1149 3188 1254 3251 myirba

152 3276 205 3327 que
214 3263 263 3312 viae
275 3264 349 3312 simul
361 3271 389 3313 et
400 3261 480 3313 oneri.
724 3263 832 3328 factum,
848 3269 875 3313 et
892 3264 918 3312 iu
930 3265 1014 3312 locum
1030 3267 1184 3312 excavatum
1196 3264 1255 3313 sub-
1357 3280 1360 3284 ’

181 3344 196 3379 ⁴1
215 3338 359 3401 l'entetoqne
376 3342 533 3402 perlongum
554 3341 613 3404 iter]
652 3341 684 3389 ld
721 3341 784 3404 jicit
796 3341 894 3390 eineres
906 3341 1013 3403 patrios,
1020 3339 1064 3404 qui
1075 3339 1137 3389 nihil
1147 3339 1180 3388 ad
1189 3340 1255 3390 illud

148 3416 202 3475 est,
214 3426 272 3461 conr
291 3414 362 3477 prins
380 3416 536 3466 tentaverit:
555 3417 591 3465 sie
609 3432 680 3480 saepe
725 3416 826 3479 pondus
849 3414 957 3477 addunt,
974 3416 1000 3464 in
1022 3430 1072 3479 quo
1099 3415 1168 3464 vires
1194 3429 1254 3465 snas

149 3490 272 3539 historici
301 3491 456 3553 loquuntur:
476 3493 621 3557 Sallustius,
641 3492 684 3541 Li·
725 3491 809 3554 primo
826 3498 951 3554 expertus
969 3497 1017 3541 est.
1060 3491 1129 3540 Nam
1152 3492 1221 3556 quod
1237 3506 1254 3540 e

150 3564 220 3627 vius,
230 3571 258 3613 et
270 3566 384 3616 Tacitus.
724 3567 834 3629 myrrhae
845 3582 893 3615 ovo
912 3573 1060 3620 extractum
1071 3574 1120 3626 est,
1135 3582 1254 3630 compen-

183 3647 196 3673 ¹
212 3641 297 3692 Subita
306 3644 411 3704 putrium
419 3645 513 3706 corpis]
536 3644 684 3708 Improprie
724 3650 765 3691 sat
774 3642 875 3705 pondus
887 3643 1005 3705 corporis
1017 3643 1085 3707 quod
1098 3642 1242 3705 subjicitur.

147 3716 270 3782 loquitur
289 3719 407 3767 Tacitus.
447 3721 515 3769 Nam
533 3735 564 3769 ea
582 3720 684 3770 demum
722 3777 725 3780 ¹
756 3718 799 3768 Sic
811 3725 898 3769 autem
908 3718 1074 3769 Herodotus:
1091 3719 1183 3767 ‘Solet
1193 3729 1255 3767 vero

148 3807 234 3844 onera
257 3795 409 3857 subeuntur,
429 3812 487 3861 qnae
509 3796 685 3859 imponuntur,
724 3795 761 3844 sie
782 3794 886 3844 deferre
906 3796 1017 3858 primum
1037 3794 1145 3856 myrrbae
1167 3807 1254 3854 ovum,

147 3868 230 3918 dorso
243 3869 284 3916 rel
298 3869 384 3931 eapite
399 3871 440 3919 vel
457 3871 567 3919 humeris
584 3877 684 3933 gestan·
724 3872 808 3934 fingit,
822 3878 946 3934 qnantum
961 3868 1032 3918 ferre
1051 3873 1146 3932 potest,
1165 3872 1256 3930 postea

146 3949 209 3993 tur:
220 3942 295 4006 Virg.
315 3944 393 4006 ‘lpse
403 3944 493 3994 subibo
505 3945 627 4008 humeris,
635 3960 685 3994 nee
724 3962 786 3996 vero
804 3952 889 3996 tentat
903 3945 1009 3994 ferendo
1026 3958 1106 4003 onns3
1127 3943 1172 3991 ubi
1193 3957 1255 3992 vero

144 4034 193 4071 me
205 4018 279 4067 labor
289 4020 338 4069 iste
355 4021 492 4083 gravabit!
724 4030 846 4087 expertus
859 4027 909 4082 est,
919 4025 1055 4069 exenterat
1066 4031 1150 4077 ovum,
1163 4023 1191 4067 et
1209 4032 1255 4080 pat

183 4096 223 4147 At
245 4097 351 4158 phoeuix
373 4112 462 4160 rogum
479 4112 553 4146 suum
574 4097 600 4145 in
624 4096 684 4159 pilae
725 4097 828 4164 tremiu
841 4094 1115 4160 ipsocornponit‚'&c.
1137 4093 1256 4144 Videre·

139 4162 263 4223 'formam
273 4171 455 4233 conglobatum
466 4172 576 4236 pedibus
591 4170 685 4234 defert,
724 4173 804 4238 liqna.
831 4171 980 4235 Lugendum
1000 4171 1079 4221 etiam
1099 4171 1125 4220 in
1143 4170 1253 4221 Tacito:

146 4261 204 4298 nou
221 4244 310 4307 dorso,
325 4246 368 4295 eui
390 4248 429 4296 rei
445 4246 563 4310 ineptum
579 4248 686 4299 verbum
725 4248 794 4311 inque
803 4247 866 4298 Solis
876 4257 944 4298 arom
949 4246 1066 4313 perferre,
1073 4261 1147 4311 neque
1153 4248 1254 4296 moure.

218 4325 492 4391 bermeriacas.
660 4326 738 4380 reu.
1130 4323 1190 4378 ss
