<?xml version="1.0" encoding="UTF-8"?>
<!DOCTYPE html PUBLIC "-//W3C//DTD XHTML 1.0 Transitional//EN"
    "http://www.w3.org/TR/xhtml1/DTD/xhtml1-transitional.dtd">
<html xmlns="http://www.w3.org/1999/xhtml" xml:lang="en" lang="en">
 <head>
  <title>
</title>
<meta http-equiv="Content-Type" content="text/html;charset=utf-8" />
  <meta name='ocr-system' content='tesseract 3.04.00' />
  <meta name='ocr-capabilities' content='ocr_page ocr_carea ocr_par ocr_line ocrx_word'/>
</head>
<body>
  <div class='ocr_page' id='page_1' title='image "./operaomnia03tacigoog_0525.png"; bbox 0 0 3075 4917; ppageno 0'>
   <div class='ocr_carea' id='block_1_1' title="bbox 185 345 1293 465">
    <p class='ocr_par' dir='ltr' id='par_1_1' title="bbox 185 345 1293 465">
     <span class='ocr_line' id='line_1_1' title="bbox 185 345 1293 465; baseline -0.018 -26"><span class='ocrx_word' id='word_1_1' title='bbox 185 385 254 440; x_wconf 74' lang='lat' dir='ltr'><strong>nc</strong></span> <span class='ocrx_word' id='word_1_2' title='bbox 262 386 318 453; x_wconf 78' lang='lat' dir='ltr'><strong>aa]</strong></span> <span class='ocrx_word' id='word_1_3' title='bbox 537 377 754 429; x_wconf 73' lang='lat' dir='ltr'><strong>sasamon</strong></span> <span class='ocrx_word' id='word_1_4' title='bbox 768 345 844 430; x_wconf 75' lang='lat' dir='ltr'><strong>nra.</strong></span> <span class='ocrx_word' id='word_1_5' title='bbox 867 379 926 430; x_wconf 68' lang='grc' dir='ltr'><strong>ιι.</strong></span> <span class='ocrx_word' id='word_1_6' title='bbox 1202 363 1293 465; x_wconf 65' lang='grc' dir='ltr'><strong>μω</strong></span> 
     </span>
    </p>
   </div>
   <div class='ocr_carea' id='block_1_2' title="bbox 185 513 1293 915">
    <p class='ocr_par' dir='ltr' id='par_1_2' title="bbox 185 513 1293 915">
     <span class='ocr_line' id='line_1_2' title="bbox 185 513 1292 613; baseline 0 -24"><span class='ocrx_word' id='word_1_7' title='bbox 185 528 274 613; x_wconf 68' lang='lat' dir='ltr'><strong>rehu:</strong></span> <span class='ocrx_word' id='word_1_8' title='bbox 283 525 388 592; x_wconf 87' lang='lat' dir='ltr'><strong>immo</strong></span> <span class='ocrx_word' id='word_1_9' title='bbox 405 522 449 587; x_wconf 87' lang='lat' dir='ltr'><strong>iis</strong></span> <span class='ocrx_word' id='word_1_10' title='bbox 459 529 482 588; x_wconf 72' lang='grc' dir='ltr'><strong>ι·</strong></span> <span class='ocrx_word' id='word_1_11' title='bbox 501 528 564 588; x_wconf 79' lang='lat' dir='ltr'><strong>at4&#39;</strong></span> <span class='ocrx_word' id='word_1_12' title='bbox 577 523 730 590; x_wconf 82' lang='lat' dir='ltr'><strong>redderet</strong></span> <span class='ocrx_word' id='word_1_13' title='bbox 743 513 894 604; x_wconf 77' lang='lat' dir='ltr'><strong>uxorem,</strong></span> <span class='ocrx_word' id='word_1_14' title='bbox 916 523 1292 608; x_wconf 75' lang='lat' dir='ltr'><strong>rumperetqueiabisios</strong></span> 
     </span>
     <span class='ocr_line' id='line_1_3' title="bbox 185 611 1293 714; baseline -0.002 -22"><span class='ocrx_word' id='word_1_15' title='bbox 185 626 382 714; x_wconf 66' lang='lat' dir='ltr'><strong>nuptiales:</strong></span> <span class='ocrx_word' id='word_1_16' title='bbox 404 611 479 688; x_wconf 81' lang='lat' dir='ltr'><strong>‘An‘</strong></span> <span class='ocrx_word' id='word_1_17' title='bbox 493 624 716 704; x_wconf 79' lang='lat' dir='ltr'><strong>discidinm,&#39;·¹‘</strong></span> <span class='ocrx_word' id='word_1_18' title='bbox 729 627 846 708; x_wconf 87' lang='lat' dir='ltr'><strong>inquit,</strong></span> <span class='ocrx_word' id='word_1_19' title='bbox 863 630 873 658; x_wconf 90' lang='lat'>‘</span> <span class='ocrx_word' id='word_1_20' title='bbox 887 632 979 691; x_wconf 71' lang='lat' dir='ltr'><strong>mum</strong></span> <span class='ocrx_word' id='word_1_21' title='bbox 993 626 1108 689; x_wconf 80' lang='lat' dir='ltr'><strong>nostii</strong></span> <span class='ocrx_word' id='word_1_22' title='bbox 1130 643 1293 690; x_wconf 71' lang='lat' dir='ltr'><strong>namma-z</strong></span> 
     </span>
     <span class='ocr_line' id='line_1_4' title="bbox 186 724 1293 817; baseline 0.001 -26"><span class='ocrx_word' id='word_1_23' title='bbox 186 727 374 791; x_wconf 65' lang='lat' dir='ltr'><strong>aimonium</strong></span> <span class='ocrx_word' id='word_1_24' title='bbox 398 726 475 791; x_wconf 87' lang='lat' dir='ltr'><strong>Silii</strong></span> <span class='ocrx_word' id='word_1_25' title='bbox 497 724 583 791; x_wconf 83' lang='lat' dir='ltr'><strong>vidit</strong></span> <span class='ocrx_word' id='word_1_26' title='bbox 607 728 757 817; x_wconf 87' lang='lat' dir='ltr'><strong>populus</strong></span> <span class='ocrx_word' id='word_1_27' title='bbox 781 732 815 791; x_wconf 86' lang='lat' dir='ltr'><strong>et</strong></span> <span class='ocrx_word' id='word_1_28' title='bbox 838 727 1027 797; x_wconf 46' lang='lat' dir='ltr'><strong>Senatns&#39;et</strong></span> <span class='ocrx_word' id='word_1_29' title='bbox 1040 728 1155 795; x_wconf 88' lang='lat' dir='ltr'><strong>miles:</strong></span> <span class='ocrx_word' id='word_1_30' title='bbox 1178 746 1231 805; x_wconf 85' lang='lat' dir='ltr'><strong>ac,</strong></span> <span class='ocrx_word' id='word_1_31' title='bbox 1256 727 1293 792; x_wconf 86' lang='lat' dir='ltr'><strong>ni</strong></span> 
     </span>
     <span class='ocr_line' id='line_1_5' title="bbox 186 825 852 915; baseline -0.003 -22"><span class='ocrx_word' id='word_1_32' title='bbox 186 825 327 915; x_wconf 81' lang='lat' dir='ltr'><strong>propere</strong></span> <span class='ocrx_word' id='word_1_33' title='bbox 342 829 429 912; x_wconf 81' lang='lat' dir='ltr'><strong>agis,</strong></span> <span class='ocrx_word' id='word_1_34' title='bbox 445 833 534 893; x_wconf 85' lang='lat' dir='ltr'><strong>tenet</strong></span> <span class='ocrx_word' id='word_1_35' title='bbox 547 829 664 896; x_wconf 84' lang='lat' dir='ltr'><strong>urbem</strong></span> <span class='ocrx_word' id='word_1_36' title='bbox 677 825 852 899; x_wconf 74' lang='lat' dir='ltr'><strong>marinis,&#39;⁰</strong></span> 
     </span>
    </p>
   </div>
   <div class='ocr_carea' id='block_1_3' title="bbox 128 1022 1293 1276">
    <p class='ocr_par' dir='ltr' id='par_1_3' title="bbox 128 1022 1293 1276">
     <span class='ocr_line' id='line_1_6' title="bbox 187 1022 1293 1092; baseline 0.003 -17"><span class='ocrx_word' id='word_1_37' title='bbox 187 1029 233 1078; x_wconf 83' lang='lat' dir='ltr'><strong>tor.</strong></span> <span class='ocrx_word' id='word_1_38' title='bbox 242 1025 275 1075; x_wconf 89' lang='lat' dir='ltr'><strong>iis</strong></span> <span class='ocrx_word' id='word_1_39' title='bbox 286 1028 380 1076; x_wconf 72' lang='lat' dir='ltr'><strong>matter</strong></span> <span class='ocrx_word' id='word_1_40' title='bbox 391 1026 476 1089; x_wconf 73' lang='lat' dir='ltr'><strong>Silina,</strong></span> <span class='ocrx_word' id='word_1_41' title='bbox 488 1031 516 1076; x_wconf 88' lang='lat' dir='ltr'><strong>at</strong></span> <span class='ocrx_word' id='word_1_42' title='bbox 521 1025 673 1076; x_wconf 81' lang='lat' dir='ltr'><strong>restitueret</strong></span> <span class='ocrx_word' id='word_1_43' title='bbox 681 1022 823 1082; x_wconf 72' lang='lat' dir='ltr'><strong>suminam,</strong></span> <span class='ocrx_word' id='word_1_44' title='bbox 829 1024 1042 1092; x_wconf 85' lang='lat' dir='ltr'><strong>rescinderetque</strong></span> <span class='ocrx_word' id='word_1_45' title='bbox 1047 1026 1148 1077; x_wconf 83' lang='lat' dir='ltr'><strong>tabulas</strong></span> <span class='ocrx_word' id='word_1_46' title='bbox 1160 1028 1293 1079; x_wconf 81' lang='lat' dir='ltr'><strong>matrimo·</strong></span> 
     </span>
     <span class='ocr_line' id='line_1_7' title="bbox 128 1088 1292 1154; baseline 0.002 -15"><span class='ocrx_word' id='word_1_47' title='bbox 128 1141 130 1146; x_wconf 75' lang='grc'><strong>,</strong></span> <span class='ocrx_word' id='word_1_48' title='bbox 188 1089 234 1144; x_wconf 87' lang='lat' dir='ltr'><strong>nii.</strong></span> <span class='ocrx_word' id='word_1_49' title='bbox 266 1088 309 1145; x_wconf 87' lang='lat' dir='ltr'><strong>An</strong></span> <span class='ocrx_word' id='word_1_50' title='bbox 320 1091 460 1142; x_wconf 84' lang='lat' dir='ltr'><strong>divortium</strong></span> <span class='ocrx_word' id='word_1_51' title='bbox 471 1096 554 1152; x_wconf 82' lang='lat' dir='ltr'><strong>tuum,</strong></span> <span class='ocrx_word' id='word_1_52' title='bbox 569 1090 657 1152; x_wconf 61' lang='lat' dir='ltr'><strong>monii,</strong></span> <span class='ocrx_word' id='word_1_53' title='bbox 669 1088 842 1152; x_wconf 78' lang='lat' dir='ltr'><strong>comperisti?</strong></span> <span class='ocrx_word' id='word_1_54' title='bbox 860 1090 966 1154; x_wconf 79' lang='lat' dir='ltr'><strong>Quippe</strong></span> <span class='ocrx_word' id='word_1_55' title='bbox 978 1093 1079 1154; x_wconf 87' lang='lat' dir='ltr'><strong>nuptias</strong></span> <span class='ocrx_word' id='word_1_56' title='bbox 1090 1091 1147 1141; x_wconf 87' lang='lat' dir='ltr'><strong>Silii</strong></span> <span class='ocrx_word' id='word_1_57' title='bbox 1157 1106 1209 1140; x_wconf 79' lang='lat' dir='ltr'><strong>cam</strong></span> <span class='ocrx_word' id='word_1_58' title='bbox 1218 1107 1292 1142; x_wconf 74' lang='lat' dir='ltr'><strong>uxore</strong></span> 
     </span>
     <span class='ocr_line' id='line_1_8' title="bbox 188 1152 1292 1276; baseline 0.004 -74"><span class='ocrx_word' id='word_1_59' title='bbox 188 1156 501 1276; x_wconf 49' lang='lat' dir='ltr'><strong>oetszlspsscffizgafflins,</strong></span> <span class='ocrx_word' id='word_1_60' title='bbox 511 1160 540 1242; x_wconf 85' lang='lat' dir='ltr'><strong>et</strong></span> <span class='ocrx_word' id='word_1_61' title='bbox 550 1161 663 1213; x_wconf 85' lang='lat' dir='ltr'><strong>senatus,</strong></span> <span class='ocrx_word' id='word_1_62' title='bbox 674 1160 702 1203; x_wconf 86' lang='lat' dir='ltr'><strong>et</strong></span> <span class='ocrx_word' id='word_1_63' title='bbox 711 1153 809 1204; x_wconf 78' lang='lat' dir='ltr'><strong>milesz&#39;</strong></span> <span class='ocrx_word' id='word_1_64' title='bbox 817 1159 846 1203; x_wconf 83' lang='lat' dir='ltr'><strong>et</strong></span> <span class='ocrx_word' id='word_1_65' title='bbox 856 1155 905 1204; x_wconf 84' lang='lat' dir='ltr'><strong>uisi</strong></span> <span class='ocrx_word' id='word_1_66' title='bbox 919 1152 1035 1221; x_wconf 86' lang='lat' dir='ltr'><strong>festinas,</strong></span> <span class='ocrx_word' id='word_1_67' title='bbox 1046 1156 1101 1220; x_wconf 88' lang='lat' dir='ltr'><strong>jam</strong></span> <span class='ocrx_word' id='word_1_68' title='bbox 1111 1156 1193 1210; x_wconf 79' lang='lat' dir='ltr'><strong>habat</strong></span> <span class='ocrx_word' id='word_1_69' title='bbox 1202 1156 1292 1214; x_wconf 70' lang='lat' dir='ltr'><strong>civita·</strong></span> 
     </span>
    </p>
   </div>
   <div class='ocr_carea' id='block_1_4' title="bbox 649 1329 829 1354">
    <p class='ocr_par' dir='ltr' id='par_1_4' title="bbox 649 1329 829 1354">
     <span class='ocr_line' id='line_1_9' title="bbox 649 1329 829 1354; baseline -0.017 -3"><span class='ocrx_word' id='word_1_70' title='bbox 649 1329 829 1354; x_wconf 68' lang='lat' dir='ltr'><strong>omoeoueu·</strong></span> 
     </span>
    </p>
   </div>
   <div class='ocr_carea' id='block_1_5' title="bbox 188 1417 1295 1548">
    <p class='ocr_par' dir='ltr' id='par_1_5' title="bbox 188 1417 1295 1548">
     <span class='ocr_line' id='line_1_10' title="bbox 188 1417 1295 1484; baseline 0.007 -17"><span class='ocrx_word' id='word_1_71' title='bbox 188 1417 266 1468; x_wconf 83' lang='lat' dir='ltr'><strong>Bodi.</strong></span> <span class='ocrx_word' id='word_1_72' title='bbox 284 1417 341 1470; x_wconf 78' lang='lat' dir='ltr'><strong>Jes.</strong></span> <span class='ocrx_word' id='word_1_73' title='bbox 352 1418 444 1469; x_wconf 81' lang='lat' dir='ltr'><strong>Gneli.</strong></span> <span class='ocrx_word' id='word_1_74' title='bbox 462 1425 491 1470; x_wconf 90' lang='lat' dir='ltr'><strong>et</strong></span> <span class='ocrx_word' id='word_1_75' title='bbox 510 1420 680 1481; x_wconf 84' lang='lat' dir='ltr'><strong>Puteolanus,</strong></span> <span class='ocrx_word' id='word_1_76' title='bbox 698 1424 885 1484; x_wconf 57' lang='lat' dir='ltr'><strong>apparatu-4</strong></span> <span class='ocrx_word' id='word_1_77' title='bbox 902 1419 1047 1471; x_wconf 70' lang='lat' dir='ltr'><strong>Gronovius</strong></span> <span class='ocrx_word' id='word_1_78' title='bbox 1058 1425 1086 1471; x_wconf 92' lang='lat' dir='ltr'><strong>et</strong></span> <span class='ocrx_word' id='word_1_79' title='bbox 1098 1419 1212 1484; x_wconf 84' lang='lat' dir='ltr'><strong>Ryckius</strong></span> <span class='ocrx_word' id='word_1_80' title='bbox 1223 1420 1295 1475; x_wconf 73' lang='lat' dir='ltr'><strong>im</strong></span> 
     </span>
     <span class='ocr_line' id='line_1_11' title="bbox 188 1483 976 1548; baseline 0.003 -17"><span class='ocrx_word' id='word_1_81' title='bbox 188 1483 231 1548; x_wconf 78' lang='lat' dir='ltr'><strong>iis,</strong></span> <span class='ocrx_word' id='word_1_82' title='bbox 241 1487 282 1536; x_wconf 76' lang='lat' dir='ltr'><strong>ut:</strong></span> <span class='ocrx_word' id='word_1_83' title='bbox 299 1484 437 1534; x_wconf 88' lang='lat' dir='ltr'><strong>Brotierus</strong></span> <span class='ocrx_word' id='word_1_84' title='bbox 448 1491 477 1535; x_wconf 87' lang='lat' dir='ltr'><strong>et</strong></span> <span class='ocrx_word' id='word_1_85' title='bbox 488 1485 618 1536; x_wconf 76' lang='lat' dir='ltr'><strong>Homerus</strong></span> <span class='ocrx_word' id='word_1_86' title='bbox 629 1486 710 1539; x_wconf 75' lang='lat' dir='ltr'><strong>immo.</strong></span> <span class='ocrx_word' id='word_1_87' title='bbox 741 1485 778 1538; x_wconf 79' lang='lat' dir='ltr'><strong>At</strong></span> <span class='ocrx_word' id='word_1_88' title='bbox 788 1485 818 1544; x_wconf 76' lang='lat' dir='ltr'><strong>io,</strong></span> <span class='ocrx_word' id='word_1_89' title='bbox 973 1518 976 1523; x_wconf 91' lang='lat'>-</span> 
     </span>
    </p>
   </div>
   <div class='ocr_carea' id='block_1_6' title="bbox 685 1630 794 1684">
    <p class='ocr_par' dir='ltr' id='par_1_6' title="bbox 685 1630 794 1684">
     <span class='ocr_line' id='line_1_12' title="bbox 685 1630 794 1684; baseline 0 0"><span class='ocrx_word' id='word_1_90' title='bbox 685 1630 794 1684; x_wconf 77' lang='lat' dir='ltr'>NOTAE</span> 
     </span>
    </p>
   </div>
   <div class='ocr_carea' id='block_1_7' title="bbox 176 1741 1349 4320">
    <p class='ocr_par' dir='ltr' id='par_1_7' title="bbox 176 1741 1349 4320">
     <span class='ocr_line' id='line_1_13' title="bbox 186 1741 1295 1813; baseline 0.005 -22"><span class='ocrx_word' id='word_1_91' title='bbox 186 1741 248 1792; x_wconf 87' lang='lat' dir='ltr'><strong>ideo</strong></span> <span class='ocrx_word' id='word_1_92' title='bbox 259 1744 447 1794; x_wconf 82' lang='lat' dir='ltr'><strong>accusationem</strong></span> <span class='ocrx_word' id='word_1_93' title='bbox 462 1743 520 1795; x_wconf 88' lang='lat' dir='ltr'><strong>Silii</strong></span> <span class='ocrx_word' id='word_1_94' title='bbox 531 1746 563 1796; x_wconf 89' lang='lat' dir='ltr'><strong>ab</strong></span> <span class='ocrx_word' id='word_1_95' title='bbox 574 1761 601 1796; x_wconf 88' lang='lat' dir='ltr'><strong>se</strong></span> <span class='ocrx_word' id='word_1_96' title='bbox 611 1746 724 1811; x_wconf 86' lang='lat' dir='ltr'><strong>institui,</strong></span> <span class='ocrx_word' id='word_1_97' title='bbox 761 1745 895 1796; x_wconf 68' lang='lat' dir='ltr'><strong>feliciter?</strong></span> <span class='ocrx_word' id='word_1_98' title='bbox 927 1745 1064 1811; x_wconf 79' lang='lat' dir='ltr'><strong>Apuleius,</strong></span> <span class='ocrx_word' id='word_1_99' title='bbox 1074 1744 1083 1775; x_wconf 89' lang='lat'>‘</span> <span class='ocrx_word' id='word_1_100' title='bbox 1094 1746 1171 1798; x_wconf 82' lang='lat' dir='ltr'><strong>Quod</strong></span> <span class='ocrx_word' id='word_1_101' title='bbox 1184 1746 1210 1796; x_wconf 92' lang='lat' dir='ltr'><strong>in</strong></span> <span class='ocrx_word' id='word_1_102' title='bbox 1222 1747 1295 1813; x_wconf 85' lang='lat' dir='ltr'><strong>viiia,</strong></span> 
     </span>
     <span class='ocr_line' id='line_1_14' title="bbox 182 1817 1294 1887; baseline 0.008 -21"><span class='ocrx_word' id='word_1_103' title='bbox 182 1823 219 1867; x_wconf 79' lang='lat' dir='ltr'><strong>&#39;nt</strong></span> <span class='ocrx_word' id='word_1_104' title='bbox 230 1817 440 1885; x_wconf 86' lang='lat' dir='ltr'><strong>domnmaiiaqne</strong></span> <span class='ocrx_word' id='word_1_105' title='bbox 451 1823 722 1887; x_wconf 77' lang='lat' dir='ltr'><strong>expatrimonioprin·</strong></span> <span class='ocrx_word' id='word_1_106' title='bbox 761 1836 815 1871; x_wconf 89' lang='lat' dir='ltr'><strong>non</strong></span> <span class='ocrx_word' id='word_1_107' title='bbox 826 1823 851 1871; x_wconf 91' lang='lat' dir='ltr'><strong>in</strong></span> <span class='ocrx_word' id='word_1_108' title='bbox 867 1822 964 1885; x_wconf 90' lang='lat' dir='ltr'><strong>oppido</strong></span> <span class='ocrx_word' id='word_1_109' title='bbox 982 1822 1079 1872; x_wconf 71' lang='lat' dir='ltr'><strong>tabulas</strong></span> <span class='ocrx_word' id='word_1_110' title='bbox 1090 1823 1142 1876; x_wconf 83' lang='lat' dir='ltr'><strong>sint</strong></span> <span class='ocrx_word' id='word_1_111' title='bbox 1160 1823 1294 1885; x_wconf 71' lang='lat' dir='ltr'><strong>consigna·</strong></span> 
     </span>
     <span class='ocr_line' id='line_1_15' title="bbox 189 1893 1297 1965; baseline 0.005 -24"><span class='ocrx_word' id='word_1_112' title='bbox 189 1893 254 1957; x_wconf 86' lang='lat' dir='ltr'><strong>cipis</strong></span> <span class='ocrx_word' id='word_1_113' title='bbox 265 1893 291 1943; x_wconf 88' lang='lat' dir='ltr'><strong>ei</strong></span> <span class='ocrx_word' id='word_1_114' title='bbox 301 1893 368 1944; x_wconf 90' lang='lat' dir='ltr'><strong>dono</strong></span> <span class='ocrx_word' id='word_1_115' title='bbox 380 1910 395 1944; x_wconf 90' lang='lat' dir='ltr'><strong>a</strong></span> <span class='ocrx_word' id='word_1_116' title='bbox 407 1897 559 1945; x_wconf 78' lang='lat' dir='ltr'><strong>Messallina</strong></span> <span class='ocrx_word' id='word_1_117' title='bbox 569 1897 721 1965; x_wconf 86' lang='lat' dir='ltr'><strong>data,repe-</strong></span> <span class='ocrx_word' id='word_1_118' title='bbox 762 1904 806 1962; x_wconf 85' lang='lat' dir='ltr'><strong>tae,</strong></span> <span class='ocrx_word' id='word_1_119' title='bbox 823 1906 915 1962; x_wconf 87' lang='lat' dir='ltr'><strong>quarto</strong></span> <span class='ocrx_word' id='word_1_120' title='bbox 932 1906 960 1947; x_wconf 89' lang='lat' dir='ltr'><strong>et</strong></span> <span class='ocrx_word' id='word_1_121' title='bbox 978 1899 1068 1954; x_wconf 85' lang='lat' dir='ltr'><strong>uitimn</strong></span> <span class='ocrx_word' id='word_1_122' title='bbox 1083 1899 1141 1949; x_wconf 93' lang='lat' dir='ltr'><strong>loco</strong></span> <span class='ocrx_word' id='word_1_123' title='bbox 1155 1896 1297 1961; x_wconf 66' lang='lat' dir='ltr'><strong>objecere!</strong></span> 
     </span>
     <span class='ocr_line' id='line_1_16' title="bbox 190 1970 1294 2038; baseline 0.005 -21"><span class='ocrx_word' id='word_1_124' title='bbox 190 1974 271 2038; x_wconf 87' lang='lat' dir='ltr'><strong>teret,</strong></span> <span class='ocrx_word' id='word_1_125' title='bbox 288 1971 349 2034; x_wconf 89' lang='lat' dir='ltr'><strong>quin</strong></span> <span class='ocrx_word' id='word_1_126' title='bbox 361 1970 493 2022; x_wconf 86' lang='lat' dir='ltr'><strong>frueretur</strong></span> <span class='ocrx_word' id='word_1_127' title='bbox 512 1973 561 2035; x_wconf 82' lang='lat' dir='ltr'><strong>iis3</strong></span> <span class='ocrx_word' id='word_1_128' title='bbox 578 1988 626 2022; x_wconf 85' lang='lat' dir='ltr'><strong>nec</strong></span> <span class='ocrx_word' id='word_1_129' title='bbox 643 1974 722 2038; x_wconf 86' lang='lat' dir='ltr'><strong>enim,</strong></span> <span class='ocrx_word' id='word_1_130' title='bbox 761 1975 937 2023; x_wconf 86' lang='lat' dir='ltr'><strong>Meminerunt</strong></span> <span class='ocrx_word' id='word_1_131' title='bbox 956 1989 1006 2023; x_wconf 90' lang='lat' dir='ltr'><strong>non</strong></span> <span class='ocrx_word' id='word_1_132' title='bbox 1026 1975 1106 2023; x_wconf 87' lang='lat' dir='ltr'><strong>semel</strong></span> <span class='ocrx_word' id='word_1_133' title='bbox 1121 1974 1294 2025; x_wconf 72' lang='lat' dir='ltr'><strong>,iurisconsul-</strong></span> 
     </span>
     <span class='ocr_line' id='line_1_17' title="bbox 188 2044 1294 2113; baseline 0.005 -21"><span class='ocrx_word' id='word_1_134' title='bbox 188 2044 215 2092; x_wconf 92' lang='lat' dir='ltr'><strong>in</strong></span> <span class='ocrx_word' id='word_1_135' title='bbox 227 2050 301 2094; x_wconf 84' lang='lat' dir='ltr'><strong>tanta</strong></span> <span class='ocrx_word' id='word_1_136' title='bbox 309 2048 444 2097; x_wconf 87' lang='lat' dir='ltr'><strong>atrocioris</strong></span> <span class='ocrx_word' id='word_1_137' title='bbox 455 2048 545 2109; x_wconf 83' lang='lat' dir='ltr'><strong>delicti</strong></span> <span class='ocrx_word' id='word_1_138' title='bbox 555 2050 721 2113; x_wconf 87' lang='lat' dir='ltr'><strong>enormitate,</strong></span> <span class='ocrx_word' id='word_1_139' title='bbox 761 2050 798 2099; x_wconf 87' lang='lat' dir='ltr'><strong>ti:</strong></span> <span class='ocrx_word' id='word_1_140' title='bbox 825 2057 853 2106; x_wconf 81' lang='lat' dir='ltr'><strong>et</strong></span> <span class='ocrx_word' id='word_1_141' title='bbox 875 2049 980 2113; x_wconf 86' lang='lat' dir='ltr'><strong>proprio</strong></span> <span class='ocrx_word' id='word_1_142' title='bbox 1000 2051 1060 2098; x_wconf 88' lang='lat' dir='ltr'><strong>hnic</strong></span> <span class='ocrx_word' id='word_1_143' title='bbox 1080 2049 1117 2098; x_wconf 85' lang='lat' dir='ltr'><strong>rei</strong></span> <span class='ocrx_word' id='word_1_144' title='bbox 1134 2048 1200 2097; x_wconf 85' lang='lat' dir='ltr'><strong>libro</strong></span> <span class='ocrx_word' id='word_1_145' title='bbox 1218 2048 1248 2102; x_wconf 84' lang='lat' dir='ltr'><strong>C.</strong></span> <span class='ocrx_word' id='word_1_146' title='bbox 1260 2048 1294 2098; x_wconf 77' lang='lat' dir='ltr'><strong>V.</strong></span> 
     </span>
     <span class='ocr_line' id='line_1_18' title="bbox 176 2121 1295 2190; baseline 0.003 -22"><span class='ocrx_word' id='word_1_147' title='bbox 176 2121 255 2170; x_wconf 68' lang='lat' dir='ltr'><strong>deria</strong></span> <span class='ocrx_word' id='word_1_148' title='bbox 265 2122 321 2172; x_wconf 80' lang='lat' dir='ltr'><strong>haec</strong></span> <span class='ocrx_word' id='word_1_149' title='bbox 337 2124 559 2175; x_wconf 84' lang='lat' dir='ltr'><strong>animadversione</strong></span> <span class='ocrx_word' id='word_1_150' title='bbox 569 2125 647 2189; x_wconf 92' lang='lat' dir='ltr'><strong>digna</strong></span> <span class='ocrx_word' id='word_1_151' title='bbox 655 2140 723 2190; x_wconf 85' lang='lat' dir='ltr'><strong>esse,</strong></span> <span class='ocrx_word' id='word_1_152' title='bbox 761 2125 918 2186; x_wconf 86' lang='lat' dir='ltr'><strong>Brissonius,</strong></span> <span class='ocrx_word' id='word_1_153' title='bbox 929 2125 1002 2186; x_wconf 87' lang='lat' dir='ltr'><strong>cnjus</strong></span> <span class='ocrx_word' id='word_1_154' title='bbox 1014 2129 1142 2173; x_wconf 75' lang='lat' dir='ltr'><strong>accuratos</strong></span> <span class='ocrx_word' id='word_1_155' title='bbox 1153 2122 1295 2184; x_wconf 67' lang='lat' dir='ltr'><strong>diligentias</strong></span> 
     </span>
     <span class='ocr_line' id='line_1_19' title="bbox 181 2193 1294 2264; baseline 0 -19"><span class='ocrx_word' id='word_1_156' title='bbox 181 2193 236 2246; x_wconf 62' lang='lat' dir='ltr'><strong>‘scd</strong></span> <span class='ocrx_word' id='word_1_157' title='bbox 255 2197 307 2247; x_wconf 86' lang='lat' dir='ltr'><strong>alia</strong></span> <span class='ocrx_word' id='word_1_158' title='bbox 323 2200 400 2263; x_wconf 87' lang='lat' dir='ltr'><strong>longe</strong></span> <span class='ocrx_word' id='word_1_159' title='bbox 418 2201 537 2264; x_wconf 84' lang='lat' dir='ltr'><strong>graviora</strong></span> <span class='ocrx_word' id='word_1_160' title='bbox 553 2201 669 2264; x_wconf 79' lang='lat' dir='ltr'>subesse,</span> <span class='ocrx_word' id='word_1_161' title='bbox 684 2201 722 2249; x_wconf 92' lang='lat' dir='ltr'><strong>in·</strong></span> <span class='ocrx_word' id='word_1_162' title='bbox 761 2200 939 2263; x_wconf 82' lang='lat' dir='ltr'><strong>doctrinaeque</strong></span> <span class='ocrx_word' id='word_1_163' title='bbox 956 2214 1008 2248; x_wconf 89' lang='lat' dir='ltr'><strong>non</strong></span> <span class='ocrx_word' id='word_1_164' title='bbox 1027 2213 1042 2246; x_wconf 93' lang='lat' dir='ltr'><strong>a</strong></span> <span class='ocrx_word' id='word_1_165' title='bbox 1057 2212 1107 2260; x_wconf 88' lang='lat' dir='ltr'><strong>me,</strong></span> <span class='ocrx_word' id='word_1_166' title='bbox 1124 2211 1175 2246; x_wconf 91' lang='lat' dir='ltr'><strong>non</strong></span> <span class='ocrx_word' id='word_1_167' title='bbox 1192 2198 1225 2247; x_wconf 86' lang='lat' dir='ltr'><strong>ab</strong></span> <span class='ocrx_word' id='word_1_168' title='bbox 1236 2198 1294 2246; x_wconf 85' lang='lat' dir='ltr'><strong>aiiis</strong></span> 
     </span>
     <span class='ocr_line' id='line_1_20' title="bbox 188 2266 1295 2346; baseline -0.002 -24"><span class='ocrx_word' id='word_1_169' title='bbox 188 2273 255 2336; x_wconf 81' lang='lat' dir='ltr'><strong>nuit,</strong></span> <span class='ocrx_word' id='word_1_170' title='bbox 270 2273 332 2324; x_wconf 91' lang='lat' dir='ltr'><strong>dnm</strong></span> <span class='ocrx_word' id='word_1_171' title='bbox 341 2290 401 2324; x_wconf 87' lang='lat' dir='ltr'><strong>enm</strong></span> <span class='ocrx_word' id='word_1_172' title='bbox 411 2290 517 2326; x_wconf 84' lang='lat' dir='ltr'><strong>nxoram</strong></span> <span class='ocrx_word' id='word_1_173' title='bbox 527 2277 639 2342; x_wconf 88' lang='lat' dir='ltr'><strong>principi</strong></span> <span class='ocrx_word' id='word_1_174' title='bbox 643 2276 721 2341; x_wconf 87' lang='lat' dir='ltr'><strong>jubet</strong></span> <span class='ocrx_word' id='word_1_175' title='bbox 762 2266 990 2346; x_wconf 59' lang='lat' dir='ltr'><strong>quicquam&#39;addn.</strong></span> <span class='ocrx_word' id='word_1_176' title='bbox 1023 2275 1061 2323; x_wconf 88' lang='lat' dir='ltr'><strong>Ut</strong></span> <span class='ocrx_word' id='word_1_177' title='bbox 1076 2288 1136 2336; x_wconf 91' lang='lat' dir='ltr'><strong>ergo</strong></span> <span class='ocrx_word' id='word_1_178' title='bbox 1148 2287 1187 2322; x_wconf 86' lang='lat' dir='ltr'><strong>eae</strong></span> <span class='ocrx_word' id='word_1_179' title='bbox 1199 2272 1295 2326; x_wconf 80' lang='lat' dir='ltr'><strong>tabutas</strong></span> 
     </span>
     <span class='ocr_line' id='line_1_21' title="bbox 188 2344 1296 2417; baseline 0 -20"><span class='ocrx_word' id='word_1_180' title='bbox 188 2348 308 2398; x_wconf 82' lang='lat' dir='ltr'><strong>reddere.</strong></span> <span class='ocrx_word' id='word_1_181' title='bbox 326 2350 436 2400; x_wconf 80' lang='lat' dir='ltr'><strong>Freiasis.</strong></span> <span class='ocrx_word' id='word_1_182' title='bbox 595 2369 597 2374; x_wconf 93' lang='lat'>·</span> <span class='ocrx_word' id='word_1_183' title='bbox 760 2349 1069 2401; x_wconf 88' lang='lat' dir='ltr'><strong>matrimonioflrmando:</strong></span> <span class='ocrx_word' id='word_1_184' title='bbox 1083 2350 1119 2398; x_wconf 90' lang='lat' dir='ltr'><strong>sic</strong></span> <span class='ocrx_word' id='word_1_185' title='bbox 1128 2344 1296 2417; x_wconf 73' lang='lat' dir='ltr'><strong>eaedens&#39;rnp·</strong></span> 
     </span>
     <span class='ocr_line' id='line_1_22' title="bbox 189 2423 1297 2494; baseline 0.002 -21"><span class='ocrx_word' id='word_1_186' title='bbox 189 2437 196 2444; x_wconf 74' lang='grc'><em>“</em></span> <span class='ocrx_word' id='word_1_187' title='bbox 223 2424 458 2485; x_wconf 70' lang='lat' dir='ltr'><strong>Recte3nedomam</strong></span> <span class='ocrx_word' id='word_1_188' title='bbox 467 2432 605 2490; x_wconf 82' lang='lat' dir='ltr'><strong>reposceret,</strong></span> <span class='ocrx_word' id='word_1_189' title='bbox 617 2441 665 2491; x_wconf 91' lang='lat' dir='ltr'><strong>pro</strong></span> <span class='ocrx_word' id='word_1_190' title='bbox 677 2443 722 2491; x_wconf 88' lang='lat' dir='ltr'><strong>ge·</strong></span> <span class='ocrx_word' id='word_1_191' title='bbox 761 2434 807 2490; x_wconf 85' lang='lat' dir='ltr'><strong>tae,</strong></span> <span class='ocrx_word' id='word_1_192' title='bbox 826 2427 991 2494; x_wconf 82' lang='lat' dir='ltr'><strong>disparando.</strong></span> <span class='ocrx_word' id='word_1_193' title='bbox 1024 2423 1145 2483; x_wconf 72' lang='lat' dir='ltr'><strong>Juvenal.</strong></span> <span class='ocrx_word' id='word_1_194' title='bbox 1164 2424 1297 2475; x_wconf 85' lang='lat' dir='ltr'><strong>‘Tabulas</strong></span> 
     </span>
     <span class='ocr_line' id='line_1_23' title="bbox 189 2498 1295 2569; baseline 0.001 -22"><span class='ocrx_word' id='word_1_195' title='bbox 189 2498 233 2548; x_wconf 89' lang='lat' dir='ltr'><strong>nio</strong></span> <span class='ocrx_word' id='word_1_196' title='bbox 244 2499 331 2552; x_wconf 86' lang='lat' dir='ltr'><strong>liberti</strong></span> <span class='ocrx_word' id='word_1_197' title='bbox 349 2503 477 2551; x_wconf 86' lang='lat' dir='ltr'><strong>monentis</strong></span> <span class='ocrx_word' id='word_1_198' title='bbox 490 2504 568 2567; x_wconf 74' lang='lat' dir='ltr'><strong>talem</strong></span> <span class='ocrx_word' id='word_1_199' title='bbox 579 2504 720 2569; x_wconf 83' lang='lat' dir='ltr'><strong>dominnm,</strong></span> <span class='ocrx_word' id='word_1_200' title='bbox 761 2518 863 2568; x_wconf 89' lang='lat' dir='ltr'><strong>qnoque</strong></span> <span class='ocrx_word' id='word_1_201' title='bbox 875 2510 991 2566; x_wconf 86' lang='lat' dir='ltr'><strong>ruperat,</strong></span> <span class='ocrx_word' id='word_1_202' title='bbox 1007 2502 1098 2565; x_wconf 86' lang='lat' dir='ltr'><strong>etjam</strong></span> <span class='ocrx_word' id='word_1_203' title='bbox 1109 2499 1245 2564; x_wconf 84' lang='lat' dir='ltr'><strong>Signabat,</strong></span> <span class='ocrx_word' id='word_1_204' title='bbox 1256 2506 1295 2548; x_wconf 86' lang='lat' dir='ltr'><strong>to-</strong></span> 
     </span>
     <span class='ocr_line' id='line_1_24' title="bbox 188 2574 1296 2642; baseline 0.004 -20"><span class='ocrx_word' id='word_1_205' title='bbox 188 2574 233 2623; x_wconf 75' lang='lat' dir='ltr'><strong>&#39;cui</strong></span> <span class='ocrx_word' id='word_1_206' title='bbox 244 2580 272 2625; x_wconf 87' lang='lat' dir='ltr'><strong>et</strong></span> <span class='ocrx_word' id='word_1_207' title='bbox 290 2590 401 2625; x_wconf 88' lang='lat' dir='ltr'><strong>summus</strong></span> <span class='ocrx_word' id='word_1_208' title='bbox 422 2583 480 2628; x_wconf 87' lang='lat' dir='ltr'><strong>erat</strong></span> <span class='ocrx_word' id='word_1_209' title='bbox 498 2578 621 2641; x_wconf 81' lang='lat' dir='ltr'><strong>magister</strong></span> <span class='ocrx_word' id='word_1_210' title='bbox 640 2580 721 2629; x_wconf 88' lang='lat' dir='ltr'><strong>domi·</strong></span> <span class='ocrx_word' id='word_1_211' title='bbox 762 2587 791 2637; x_wconf 82' lang='lat' dir='ltr'><strong>ta</strong></span> <span class='ocrx_word' id='word_1_212' title='bbox 801 2581 845 2631; x_wconf 85' lang='lat' dir='ltr'><strong>vix</strong></span> <span class='ocrx_word' id='word_1_213' title='bbox 855 2580 912 2629; x_wconf 81' lang='lat' dir='ltr'><strong>haec</strong></span> <span class='ocrx_word' id='word_1_214' title='bbox 923 2594 972 2642; x_wconf 86' lang='lat' dir='ltr'><strong>ego</strong></span> <span class='ocrx_word' id='word_1_215' title='bbox 983 2586 1060 2627; x_wconf 87' lang='lat' dir='ltr'><strong>nocte</strong></span> <span class='ocrx_word' id='word_1_216' title='bbox 1069 2574 1184 2626; x_wconf 67' lang='lat' dir='ltr'><strong>redemi!</strong></span> <span class='ocrx_word' id='word_1_217' title='bbox 1201 2575 1244 2625; x_wconf 90' lang='lat' dir='ltr'><strong>De</strong></span> <span class='ocrx_word' id='word_1_218' title='bbox 1255 2574 1296 2626; x_wconf 82' lang='lat' dir='ltr'><strong>his¹</strong></span> 
     </span>
     <span class='ocr_line' id='line_1_25' title="bbox 182 2651 1297 2718; baseline 0.003 -19"><span class='ocrx_word' id='word_1_219' title='bbox 182 2652 310 2703; x_wconf 17' lang='lat' dir='ltr'><strong>tottionis.</strong></span> <span class='ocrx_word' id='word_1_220' title='bbox 372 2677 373 2680; x_wconf 39' lang='lat'>¹</span> <span class='ocrx_word' id='word_1_221' title='bbox 464 2675 466 2680; x_wconf 63' lang='grc'>’</span> <span class='ocrx_word' id='word_1_222' title='bbox 511 2676 514 2680; x_wconf 71' lang='grc'><strong>’</strong></span> <span class='ocrx_word' id='word_1_223' title='bbox 762 2657 858 2706; x_wconf 87' lang='lat' dir='ltr'><strong>tabulis</strong></span> <span class='ocrx_word' id='word_1_224' title='bbox 875 2658 960 2705; x_wconf 84' lang='lat' dir='ltr'><strong>locum</strong></span> <span class='ocrx_word' id='word_1_225' title='bbox 973 2654 1082 2718; x_wconf 88' lang='lat' dir='ltr'><strong>accipio,</strong></span> <span class='ocrx_word' id='word_1_226' title='bbox 1103 2652 1147 2717; x_wconf 91' lang='lat' dir='ltr'><strong>qni</strong></span> <span class='ocrx_word' id='word_1_227' title='bbox 1165 2652 1190 2700; x_wconf 90' lang='lat' dir='ltr'><strong>in</strong></span> <span class='ocrx_word' id='word_1_228' title='bbox 1203 2651 1297 2714; x_wconf 81' lang='lat' dir='ltr'><strong>priscis.</strong></span> 
     </span>
     <span class='ocr_line' id='line_1_26' title="bbox 222 2727 1297 2796; baseline 0.002 -21"><span class='ocrx_word' id='word_1_229' title='bbox 222 2727 262 2776; x_wconf 85' lang='lat' dir='ltr'><strong>Ne</strong></span> <span class='ocrx_word' id='word_1_230' title='bbox 283 2729 387 2792; x_wconf 81' lang='lat' dir='ltr'><strong>domum]</strong></span> <span class='ocrx_word' id='word_1_231' title='bbox 403 2730 482 2794; x_wconf 88' lang='lat' dir='ltr'><strong>Puto,</strong></span> <span class='ocrx_word' id='word_1_232' title='bbox 503 2730 661 2796; x_wconf 76' lang='lat' dir='ltr'><strong>praeoipnam</strong></span> <span class='ocrx_word' id='word_1_233' title='bbox 683 2746 723 2782; x_wconf 85' lang='lat' dir='ltr'><strong>su·</strong></span> <span class='ocrx_word' id='word_1_234' title='bbox 763 2732 878 2787; x_wconf 81' lang='lat' dir='ltr'><strong>Glossis:</strong></span> <span class='ocrx_word' id='word_1_235' title='bbox 895 2731 1031 2784; x_wconf 85' lang='lat' dir='ltr'><strong>‘Dicente</strong></span> <span class='ocrx_word' id='word_1_236' title='bbox 1049 2728 1160 2793; x_wconf 75' lang='lat' dir='ltr'><strong>quadarn</strong></span> <span class='ocrx_word' id='word_1_237' title='bbox 1179 2727 1297 2790; x_wconf 86' lang='lat' dir='ltr'><strong>muliere,</strong></span> 
     </span>
     <span class='ocr_line' id='line_1_27' title="bbox 185 2804 1297 2872; baseline 0.002 -20"><span class='ocrx_word' id='word_1_238' title='bbox 185 2804 349 2867; x_wconf 80' lang='lat' dir='ltr'><strong>pellectitem</strong></span> <span class='ocrx_word' id='word_1_239' title='bbox 379 2811 407 2855; x_wconf 88' lang='lat' dir='ltr'><strong>et</strong></span> <span class='ocrx_word' id='word_1_240' title='bbox 433 2806 576 2871; x_wconf 86' lang='lat' dir='ltr'><strong>‘quicquid</strong></span> <span class='ocrx_word' id='word_1_241' title='bbox 606 2808 722 2863; x_wconf 84' lang='lat' dir='ltr'><strong>habitum</strong></span> <span class='ocrx_word' id='word_1_242' title='bbox 762 2808 923 2872; x_wconf 78' lang='lat' dir='ltr'><strong>congiarium</strong></span> <span class='ocrx_word' id='word_1_243' title='bbox 941 2806 988 2855; x_wconf 81' lang='lat' dir='ltr'><strong>iiiii</strong></span> <span class='ocrx_word' id='word_1_244' title='bbox 1006 2806 1045 2854; x_wconf 90' lang='lat' dir='ltr'><strong>sni</strong></span> <span class='ocrx_word' id='word_1_245' title='bbox 1068 2805 1181 2854; x_wconf 87' lang='lat' dir='ltr'><strong>ablatum</strong></span> <span class='ocrx_word' id='word_1_246' title='bbox 1200 2819 1257 2854; x_wconf 87' lang='lat' dir='ltr'><strong>esse</strong></span> <span class='ocrx_word' id='word_1_247' title='bbox 1280 2820 1297 2861; x_wconf 82' lang='lat' dir='ltr'><strong>a,</strong></span> 
     </span>
     <span class='ocr_line' id='line_1_28' title="bbox 186 2877 1297 2952; baseline 0.003 -24"><span class='ocrx_word' id='word_1_248' title='bbox 186 2879 339 2928; x_wconf 62' lang='lat' dir='ltr'><strong>rNeronibus</strong></span> <span class='ocrx_word' id='word_1_249' title='bbox 349 2885 377 2928; x_wconf 89' lang='lat' dir='ltr'><strong>et</strong></span> <span class='ocrx_word' id='word_1_250' title='bbox 389 2877 500 2929; x_wconf 67' lang='lat' dir='ltr'><strong>Drusis?</strong></span> <span class='ocrx_word' id='word_1_251' title='bbox 524 2882 653 2946; x_wconf 85' lang='lat' dir='ltr'><strong>Quicquid</strong></span> <span class='ocrx_word' id='word_1_252' title='bbox 664 2897 722 2946; x_wconf 86' lang='lat' dir='ltr'><strong>pre·</strong></span> <span class='ocrx_word' id='word_1_253' title='bbox 762 2883 921 2947; x_wconf 89' lang='lat' dir='ltr'><strong>nescioquo,</strong></span> <span class='ocrx_word' id='word_1_254' title='bbox 933 2897 1042 2947; x_wconf 87' lang='lat' dir='ltr'><strong>eumque</strong></span> <span class='ocrx_word' id='word_1_255' title='bbox 1054 2880 1134 2929; x_wconf 83' lang='lat' dir='ltr'><strong>fitium</strong></span> <span class='ocrx_word' id='word_1_256' title='bbox 1146 2896 1217 2930; x_wconf 89' lang='lat' dir='ltr'><strong>suum</strong></span> <span class='ocrx_word' id='word_1_257' title='bbox 1231 2895 1297 2952; x_wconf 78' lang='lat' dir='ltr'><strong>esse,</strong></span> 
     </span>
     <span class='ocr_line' id='line_1_29' title="bbox 184 2955 1297 3025; baseline -0.002 -20"><span class='ocrx_word' id='word_1_258' title='bbox 184 2955 283 3006; x_wconf 74' lang='lat' dir='ltr'><strong>tiosnm</strong></span> <span class='ocrx_word' id='word_1_259' title='bbox 305 2955 366 3019; x_wconf 83' lang='lat' dir='ltr'><strong>fnit,</strong></span> <span class='ocrx_word' id='word_1_260' title='bbox 389 2971 511 3020; x_wconf 81' lang='lat' dir='ltr'><strong>gemmas,</strong></span> <span class='ocrx_word' id='word_1_261' title='bbox 534 2972 633 3020; x_wconf 83' lang='lat' dir='ltr'><strong>aarum,</strong></span> <span class='ocrx_word' id='word_1_262' title='bbox 655 2972 723 3025; x_wconf 83' lang='lat' dir='ltr'><strong>rasa,</strong></span> <span class='ocrx_word' id='word_1_263' title='bbox 763 2965 791 3008; x_wconf 87' lang='lat' dir='ltr'><strong>et</strong></span> <span class='ocrx_word' id='word_1_264' title='bbox 803 2960 835 3007; x_wconf 92' lang='lat' dir='ltr'><strong>ad</strong></span> <span class='ocrx_word' id='word_1_265' title='bbox 852 2973 880 3007; x_wconf 85' lang='lat' dir='ltr'><strong>se</strong></span> <span class='ocrx_word' id='word_1_266' title='bbox 893 2958 1025 3021; x_wconf 86' lang='lat' dir='ltr'><strong>pertinere</strong></span> <span class='ocrx_word' id='word_1_267' title='bbox 1040 2956 1208 3019; x_wconf 85' lang='lat' dir='ltr'><strong>congiarium,</strong></span> <span class='ocrx_word' id='word_1_268' title='bbox 1218 2970 1297 3018; x_wconf 85' lang='lat' dir='ltr'><strong>nega·</strong></span> 
     </span>
     <span class='ocr_line' id='line_1_30' title="bbox 189 3031 1297 3097; baseline -0.003 -15"><span class='ocrx_word' id='word_1_269' title='bbox 189 3039 287 3096; x_wconf 82' lang='lat' dir='ltr'><strong>restes,</strong></span> <span class='ocrx_word' id='word_1_270' title='bbox 308 3047 381 3096; x_wconf 87' lang='lat' dir='ltr'><strong>opes,</strong></span> <span class='ocrx_word' id='word_1_271' title='bbox 398 3033 483 3083; x_wconf 86' lang='lat' dir='ltr'><strong>omnis</strong></span> <span class='ocrx_word' id='word_1_272' title='bbox 500 3032 609 3096; x_wconf 88' lang='lat' dir='ltr'><strong>deniqne</strong></span> <span class='ocrx_word' id='word_1_273' title='bbox 628 3033 723 3082; x_wconf 89' lang='lat' dir='ltr'><strong>instrn-</strong></span> <span class='ocrx_word' id='word_1_274' title='bbox 762 3034 892 3084; x_wconf 78' lang='lat' dir='ltr'><strong>vitalius:</strong></span> <span class='ocrx_word' id='word_1_275' title='bbox 911 3031 1046 3097; x_wconf 83' lang='lat' dir='ltr'><strong>respondit</strong></span> <span class='ocrx_word' id='word_1_276' title='bbox 1061 3031 1161 3094; x_wconf 89' lang='lat' dir='ltr'><strong>mulier,</strong></span> <span class='ocrx_word' id='word_1_277' title='bbox 1178 3031 1297 3084; x_wconf 83' lang='lat' dir='ltr'><strong>Latinam</strong></span> 
     </span>
     <span class='ocr_line' id='line_1_31' title="bbox 190 3095 1296 3173; baseline -0.002 -15"><span class='ocrx_word' id='word_1_278' title='bbox 190 3117 279 3158; x_wconf 85' lang='lat' dir='ltr'><strong>menta</strong></span> <span class='ocrx_word' id='word_1_279' title='bbox 298 3111 370 3173; x_wconf 85' lang='lat' dir='ltr'><strong>regni</strong></span> <span class='ocrx_word' id='word_1_280' title='bbox 386 3115 415 3159; x_wconf 89' lang='lat' dir='ltr'><strong>et</strong></span> <span class='ocrx_word' id='word_1_281' title='bbox 433 3110 509 3158; x_wconf 85' lang='lat' dir='ltr'><strong>auiae.</strong></span> <span class='ocrx_word' id='word_1_282' title='bbox 554 3095 613 3158; x_wconf 59' lang='grc' dir='ltr'><em>Ρεὶ</em></span> <span class='ocrx_word' id='word_1_283' title='bbox 629 3112 722 3159; x_wconf 81' lang='lat' dir='ltr'><strong>domam</strong></span> <span class='ocrx_word' id='word_1_284' title='bbox 762 3125 790 3160; x_wconf 92' lang='lat' dir='ltr'><strong>se</strong></span> <span class='ocrx_word' id='word_1_285' title='bbox 813 3109 902 3173; x_wconf 83' lang='lat' dir='ltr'><strong>fuisse,</strong></span> <span class='ocrx_word' id='word_1_286' title='bbox 923 3108 1027 3173; x_wconf 83' lang='lat' dir='ltr'><strong>nuptias</strong></span> <span class='ocrx_word' id='word_1_287' title='bbox 1048 3120 1109 3157; x_wconf 84' lang='lat' dir='ltr'><strong>vero</strong></span> <span class='ocrx_word' id='word_1_288' title='bbox 1132 3121 1183 3155; x_wconf 92' lang='lat' dir='ltr'><strong>non</strong></span> <span class='ocrx_word' id='word_1_289' title='bbox 1205 3104 1296 3162; x_wconf 71' lang='lat' dir='ltr'><strong>fuisse,</strong></span> 
     </span>
     <span class='ocr_line' id='line_1_32' title="bbox 189 3181 1297 3255; baseline -0.002 -22"><span class='ocrx_word' id='word_1_290' title='bbox 189 3181 356 3249; x_wconf 80' lang='lat' dir='ltr'><strong>intelligimus</strong></span> <span class='ocrx_word' id='word_1_291' title='bbox 365 3186 504 3249; x_wconf 82' lang='lat' dir='ltr'><strong>mancipia,</strong></span> <span class='ocrx_word' id='word_1_292' title='bbox 520 3186 639 3235; x_wconf 87' lang='lat' dir='ltr'><strong>etiamst</strong></span> <span class='ocrx_word' id='word_1_293' title='bbox 651 3193 722 3235; x_wconf 85' lang='lat' dir='ltr'><strong>cete·</strong></span> <span class='ocrx_word' id='word_1_294' title='bbox 762 3186 828 3235; x_wconf 84' lang='lat' dir='ltr'><strong>Cum</strong></span> <span class='ocrx_word' id='word_1_295' title='bbox 839 3201 902 3250; x_wconf 89' lang='lat' dir='ltr'><strong>ergo</strong></span> <span class='ocrx_word' id='word_1_296' title='bbox 919 3200 969 3234; x_wconf 90' lang='lat' dir='ltr'><strong>non</strong></span> <span class='ocrx_word' id='word_1_297' title='bbox 988 3184 1118 3255; x_wconf 84' lang='lat' dir='ltr'><strong>potuisset</strong></span> <span class='ocrx_word' id='word_1_298' title='bbox 1136 3196 1195 3233; x_wconf 88' lang='lat' dir='ltr'><strong>eom</strong></span> <span class='ocrx_word' id='word_1_299' title='bbox 1210 3189 1297 3239; x_wconf 82' lang='lat' dir='ltr'><strong>osten·</strong></span> 
     </span>
     <span class='ocr_line' id='line_1_33' title="bbox 189 3255 1298 3326; baseline -0.003 -15"><span class='ocrx_word' id='word_1_300' title='bbox 189 3275 232 3311; x_wconf 85' lang='lat' dir='ltr'><strong>ros</strong></span> <span class='ocrx_word' id='word_1_301' title='bbox 240 3255 627 3326; x_wconf 79' lang='lat' dir='ltr'><strong>principatisfortunaeparatus.</strong></span> <span class='ocrx_word' id='word_1_302' title='bbox 660 3262 723 3326; x_wconf 88' lang='lat' dir='ltr'><strong>Ipse</strong></span> <span class='ocrx_word' id='word_1_303' title='bbox 762 3261 825 3310; x_wconf 86' lang='lat' dir='ltr'><strong>dere</strong></span> <span class='ocrx_word' id='word_1_304' title='bbox 842 3261 924 3313; x_wconf 86' lang='lat' dir='ltr'><strong>titium</strong></span> <span class='ocrx_word' id='word_1_305' title='bbox 940 3275 1025 3322; x_wconf 77' lang='lat' dir='ltr'><strong>sunm,</strong></span> <span class='ocrx_word' id='word_1_306' title='bbox 1041 3260 1074 3309; x_wconf 83' lang='lat' dir='ltr'><strong>da</strong></span> <span class='ocrx_word' id='word_1_307' title='bbox 1091 3273 1142 3323; x_wconf 90' lang='lat' dir='ltr'><strong>quo</strong></span> <span class='ocrx_word' id='word_1_308' title='bbox 1162 3259 1298 3323; x_wconf 74' lang='lat' dir='ltr'><strong>agebatur,</strong></span> 
     </span>
     <span class='ocr_line' id='line_1_34' title="bbox 191 3333 1297 3400; baseline -0.001 -14"><span class='ocrx_word' id='word_1_309' title='bbox 191 3336 255 3387; x_wconf 79' lang='lat' dir='ltr'><strong>Tac.</strong></span> <span class='ocrx_word' id='word_1_310' title='bbox 266 3336 359 3399; x_wconf 87' lang='lat' dir='ltr'><strong>innuit,</strong></span> <span class='ocrx_word' id='word_1_311' title='bbox 373 3352 433 3387; x_wconf 90' lang='lat' dir='ltr'><strong>cnm</strong></span> <span class='ocrx_word' id='word_1_312' title='bbox 445 3337 527 3399; x_wconf 83' lang='lat' dir='ltr'><strong>addit,</strong></span> <span class='ocrx_word' id='word_1_313' title='bbox 543 3338 723 3386; x_wconf 81' lang='lat' dir='ltr'><strong>seroitioetce·</strong></span> <span class='ocrx_word' id='word_1_314' title='bbox 763 3352 822 3387; x_wconf 86' lang='lat' dir='ltr'><strong>cnm</strong></span> <span class='ocrx_word' id='word_1_315' title='bbox 840 3352 891 3386; x_wconf 90' lang='lat' dir='ltr'><strong>non</strong></span> <span class='ocrx_word' id='word_1_316' title='bbox 909 3337 944 3386; x_wconf 90' lang='lat' dir='ltr'><strong>sit</strong></span> <span class='ocrx_word' id='word_1_317' title='bbox 963 3343 1022 3385; x_wconf 89' lang='lat' dir='ltr'><strong>tuns</strong></span> <span class='ocrx_word' id='word_1_318' title='bbox 1041 3333 1120 3399; x_wconf 82' lang='lat' dir='ltr'><strong>filins,</strong></span> <span class='ocrx_word' id='word_1_319' title='bbox 1139 3335 1297 3400; x_wconf 78' lang='lat' dir='ltr'><strong>congiarium</strong></span> 
     </span>
     <span class='ocr_line' id='line_1_35' title="bbox 190 3404 1277 3477; baseline 0.001 -16"><span class='ocrx_word' id='word_1_320' title='bbox 190 3416 263 3475; x_wconf 78' lang='lat' dir='ltr'><strong>toros,</strong></span> <span class='ocrx_word' id='word_1_321' title='bbox 274 3416 314 3477; x_wconf 67' lang='lat' dir='ltr'><strong>isc.</strong></span> <span class='ocrx_word' id='word_1_322' title='bbox 330 3413 368 3462; x_wconf 94' lang='lat' dir='ltr'><strong>sic</strong></span> <span class='ocrx_word' id='word_1_323' title='bbox 379 3428 475 3477; x_wconf 87' lang='lat' dir='ltr'><strong>snpra:</strong></span> <span class='ocrx_word' id='word_1_324' title='bbox 493 3413 587 3463; x_wconf 87' lang='lat' dir='ltr'><strong>‘velut</strong></span> <span class='ocrx_word' id='word_1_325' title='bbox 598 3404 725 3463; x_wconf 78' lang='lat' dir='ltr'><strong>translata</strong></span> <span class='ocrx_word' id='word_1_326' title='bbox 763 3413 862 3463; x_wconf 62' lang='lat' dir='ltr'><strong>redde?</strong></span> <span class='ocrx_word' id='word_1_327' title='bbox 877 3414 983 3476; x_wconf 80' lang='lat' dir='ltr'><strong>Lipsius.</strong></span> <span class='ocrx_word' id='word_1_328' title='bbox 1057 3409 1062 3416; x_wconf 84' lang='grc'>’</span> <span class='ocrx_word' id='word_1_329' title='bbox 1274 3424 1277 3429; x_wconf 90' lang='grc'><em>·</em></span> 
     </span>
     <span class='ocr_line' id='line_1_36' title="bbox 186 3487 1298 3558; baseline 0.002 -21"><span class='ocrx_word' id='word_1_330' title='bbox 186 3488 243 3552; x_wconf 84' lang='lat' dir='ltr'><strong>jam</strong></span> <span class='ocrx_word' id='word_1_331' title='bbox 265 3487 378 3552; x_wconf 82' lang='lat' dir='ltr'><strong>fortuna,</strong></span> <span class='ocrx_word' id='word_1_332' title='bbox 400 3489 479 3549; x_wconf 86' lang='lat' dir='ltr'><strong>servi,</strong></span> <span class='ocrx_word' id='word_1_333' title='bbox 501 3488 599 3551; x_wconf 86' lang='lat' dir='ltr'><strong>liberti,</strong></span> <span class='ocrx_word' id='word_1_334' title='bbox 618 3497 723 3552; x_wconf 85' lang='lat' dir='ltr'><strong>paratus</strong></span> <span class='ocrx_word' id='word_1_335' title='bbox 795 3487 1011 3558; x_wconf 72' lang='lat' dir='ltr'><strong>&#39;’Aodiscidiom]</strong></span> <span class='ocrx_word' id='word_1_336' title='bbox 1034 3490 1077 3539; x_wconf 87' lang='lat' dir='ltr'><strong>De</strong></span> <span class='ocrx_word' id='word_1_337' title='bbox 1089 3488 1198 3538; x_wconf 89' lang='lat' dir='ltr'><strong>discidio</strong></span> <span class='ocrx_word' id='word_1_338' title='bbox 1210 3488 1298 3539; x_wconf 86' lang='lat' dir='ltr'><strong>matri·</strong></span> 
     </span>
     <span class='ocr_line' id='line_1_37' title="bbox 190 3563 1297 3636; baseline 0.002 -24"><span class='ocrx_word' id='word_1_339' title='bbox 190 3564 325 3628; x_wconf 88' lang='lat' dir='ltr'><strong>principis·</strong></span> <span class='ocrx_word' id='word_1_340' title='bbox 341 3564 411 3636; x_wconf 84' lang='lat' dir='ltr'><strong>apud</strong></span> <span class='ocrx_word' id='word_1_341' title='bbox 438 3563 583 3615; x_wconf 88' lang='lat' dir='ltr'><strong>adulterum</strong></span> <span class='ocrx_word' id='word_1_342' title='bbox 604 3564 724 3619; x_wconf 82' lang='lat' dir='ltr'><strong>viseban·</strong></span> <span class='ocrx_word' id='word_1_343' title='bbox 764 3564 853 3613; x_wconf 86' lang='lat' dir='ltr'><strong>monii.</strong></span> <span class='ocrx_word' id='word_1_344' title='bbox 887 3563 1028 3616; x_wconf 73' lang='lat' dir='ltr'><strong>Plutonia</strong></span> <span class='ocrx_word' id='word_1_345' title='bbox 1042 3563 1133 3613; x_wconf 84' lang='lat' dir='ltr'><strong>iibeilo</strong></span> <span class='ocrx_word' id='word_1_346' title='bbox 1152 3564 1297 3634; x_wconf 73' lang='lat' dir='ltr'><strong>quiinscri‘-</strong></span> 
     </span>
     <span class='ocr_line' id='line_1_38' title="bbox 192 3640 1296 3705; baseline -0.001 -13"><span class='ocrx_word' id='word_1_347' title='bbox 192 3642 255 3693; x_wconf 73' lang='grc' dir='ltr'><strong>ῐιπ.ι</strong></span> <span class='ocrx_word' id='word_1_348' title='bbox 764 3641 836 3690; x_wconf 87' lang='lat' dir='ltr'><strong>bitur</strong></span> <span class='ocrx_word' id='word_1_349' title='bbox 851 3640 998 3705; x_wconf 67' lang='lat' dir='ltr'><strong>Quaestiones</strong></span> <span class='ocrx_word' id='word_1_350' title='bbox 1011 3640 1081 3696; x_wconf 80' lang='lat' dir='ltr'><strong>Rom.</strong></span> <span class='ocrx_word' id='word_1_351' title='bbox 1093 3642 1102 3670; x_wconf 86' lang='lat'>‘</span> <span class='ocrx_word' id='word_1_352' title='bbox 1115 3641 1209 3704; x_wconf 86' lang='lat' dir='ltr'><strong>Itaque</strong></span> <span class='ocrx_word' id='word_1_353' title='bbox 1218 3641 1296 3691; x_wconf 87' lang='lat' dir='ltr'><strong>etiam</strong></span> 
     </span>
     <span class='ocr_line' id='line_1_39' title="bbox 223 3711 1298 3784; baseline -0.004 -16"><span class='ocrx_word' id='word_1_354' title='bbox 223 3725 234 3750; x_wconf 86' lang='lat'>²</span> <span class='ocrx_word' id='word_1_355' title='bbox 253 3717 379 3768; x_wconf 64' lang='lat' dir='ltr'><strong>Mortua</strong></span> <span class='ocrx_word' id='word_1_356' title='bbox 388 3718 459 3767; x_wconf 81' lang='lat' dir='ltr'><strong>immo</strong></span> <span class='ocrx_word' id='word_1_357' title='bbox 468 3717 513 3780; x_wconf 82' lang='lat' dir='ltr'><strong>iis]</strong></span> <span class='ocrx_word' id='word_1_358' title='bbox 530 3711 633 3780; x_wconf 65' lang='lat' dir='ltr'><strong>Nempi</strong></span> <span class='ocrx_word' id='word_1_359' title='bbox 647 3715 723 3766; x_wconf 83' lang='lat' dir='ltr'><strong>Silius</strong></span> <span class='ocrx_word' id='word_1_360' title='bbox 762 3717 907 3784; x_wconf 85' lang='lat' dir='ltr'><strong>antiquitus</strong></span> <span class='ocrx_word' id='word_1_361' title='bbox 926 3731 1033 3770; x_wconf 80' lang='lat' dir='ltr'><strong>uxorem</strong></span> <span class='ocrx_word' id='word_1_362' title='bbox 1053 3716 1189 3782; x_wconf 84' lang='lat' dir='ltr'><strong>repudiare</strong></span> <span class='ocrx_word' id='word_1_363' title='bbox 1205 3716 1298 3765; x_wconf 86' lang='lat' dir='ltr'><strong>nonii·</strong></span> 
     </span>
     <span class='ocr_line' id='line_1_40' title="bbox 191 3789 1297 3862; baseline -0.004 -19"><span class='ocrx_word' id='word_1_364' title='bbox 191 3792 304 3844; x_wconf 76' lang='lat' dir='ltr'><strong>adulter.</strong></span> <span class='ocrx_word' id='word_1_365' title='bbox 532 3801 533 3808; x_wconf 77' lang='grc'>’</span> <span class='ocrx_word' id='word_1_366' title='bbox 763 3793 829 3854; x_wconf 85' lang='lat' dir='ltr'><strong>cuit,</strong></span> <span class='ocrx_word' id='word_1_367' title='bbox 851 3806 881 3840; x_wconf 87' lang='lat' dir='ltr'><strong>ac</strong></span> <span class='ocrx_word' id='word_1_368' title='bbox 893 3806 925 3840; x_wconf 83' lang='lat' dir='ltr'><strong>ne</strong></span> <span class='ocrx_word' id='word_1_369' title='bbox 936 3806 1004 3841; x_wconf 86' lang='lat' dir='ltr'><strong>nnnc</strong></span> <span class='ocrx_word' id='word_1_370' title='bbox 1023 3790 1126 3856; x_wconf 87' lang='lat' dir='ltr'><strong>quidem</strong></span> <span class='ocrx_word' id='word_1_371' title='bbox 1143 3790 1216 3850; x_wconf 86' lang='lat' dir='ltr'><strong>iicet,</strong></span> <span class='ocrx_word' id='word_1_372' title='bbox 1234 3789 1297 3862; x_wconf 76' lang='lat' dir='ltr'><strong>(nisi</strong></span> 
     </span>
     <span class='ocr_line' id='line_1_41' title="bbox 194 3863 1298 3936; baseline -0.002 -21"><span class='ocrx_word' id='word_1_373' title='bbox 194 3888 198 3896; x_wconf 84' lang='lat'><strong>·</strong></span> <span class='ocrx_word' id='word_1_374' title='bbox 223 3878 236 3905; x_wconf 79' lang='lat'>⁸</span> <span class='ocrx_word' id='word_1_375' title='bbox 248 3873 420 3936; x_wconf 68' lang='lat' dir='ltr'><strong>Rumperetque</strong></span> <span class='ocrx_word' id='word_1_376' title='bbox 430 3872 525 3923; x_wconf 63' lang='lat' dir='ltr'><strong>tabutas</strong></span> <span class='ocrx_word' id='word_1_377' title='bbox 534 3873 663 3936; x_wconf 70' lang='lat' dir='ltr'><strong>nuptiales]</strong></span> <span class='ocrx_word' id='word_1_378' title='bbox 679 3872 723 3922; x_wconf 77' lang='lat' dir='ltr'><strong>Ad</strong></span> <span class='ocrx_word' id='word_1_379' title='bbox 764 3866 832 3932; x_wconf 89' lang='lat' dir='ltr'><strong>qnod</strong></span> <span class='ocrx_word' id='word_1_380' title='bbox 843 3866 892 3915; x_wconf 89' lang='lat' dir='ltr'><strong>hoc</strong></span> <span class='ocrx_word' id='word_1_381' title='bbox 903 3866 1023 3929; x_wconf 81' lang='lat' dir='ltr'><strong>permisit</strong></span> <span class='ocrx_word' id='word_1_382' title='bbox 1033 3866 1089 3928; x_wconf 86' lang='lat' dir='ltr'><strong>ejus</strong></span> <span class='ocrx_word' id='word_1_383' title='bbox 1106 3863 1144 3913; x_wconf 82' lang='lat' dir='ltr'><strong>rei</strong></span> <span class='ocrx_word' id='word_1_384' title='bbox 1162 3863 1245 3928; x_wconf 85' lang='lat' dir='ltr'><strong>gratia</strong></span> <span class='ocrx_word' id='word_1_385' title='bbox 1259 3864 1298 3913; x_wconf 89' lang='lat' dir='ltr'><strong>in·</strong></span> 
     </span>
     <span class='ocr_line' id='line_1_42' title="bbox 191 3938 1297 4011; baseline -0.005 -15"><span class='ocrx_word' id='word_1_386' title='bbox 191 3947 336 4011; x_wconf 80' lang='lat' dir='ltr'><strong>legitimum</strong></span> <span class='ocrx_word' id='word_1_387' title='bbox 345 3948 501 4002; x_wconf 82' lang='lat' dir='ltr'><strong>matrimonii</strong></span> <span class='ocrx_word' id='word_1_388' title='bbox 518 3955 606 3997; x_wconf 84' lang='lat' dir='ltr'><strong>sctum</strong></span> <span class='ocrx_word' id='word_1_389' title='bbox 627 3948 724 3997; x_wconf 79' lang='lat' dir='ltr'><strong>tabulas</strong></span> <span class='ocrx_word' id='word_1_390' title='bbox 764 3938 1297 4006; x_wconf 79' lang='lat' dir='ltr'><strong>terpeilatnsnostraaetateDomitiannsz)</strong></span> 
     </span>
     <span class='ocr_line' id='line_1_43' title="bbox 180 4016 1298 4087; baseline -0.007 -15"><span class='ocrx_word' id='word_1_391' title='bbox 180 4030 221 4072; x_wconf 79' lang='lat' dir='ltr'><strong>&#39;et</strong></span> <span class='ocrx_word' id='word_1_392' title='bbox 243 4021 387 4087; x_wconf 82' lang='lat' dir='ltr'><strong>signatores</strong></span> <span class='ocrx_word' id='word_1_393' title='bbox 406 4022 525 4077; x_wconf 84' lang='lat' dir='ltr'><strong>adhibiti.</strong></span> <span class='ocrx_word' id='word_1_394' title='bbox 566 4022 724 4072; x_wconf 74' lang='lat' dir='ltr'><strong>Tabulis&#39;et</strong></span> <span class='ocrx_word' id='word_1_395' title='bbox 765 4019 873 4069; x_wconf 85' lang='lat' dir='ltr'><strong>aderant</strong></span> <span class='ocrx_word' id='word_1_396' title='bbox 901 4024 987 4067; x_wconf 87' lang='lat' dir='ltr'><strong>antem</strong></span> <span class='ocrx_word' id='word_1_397' title='bbox 1011 4017 1119 4066; x_wconf 88' lang='lat' dir='ltr'><strong>discidio</strong></span> <span class='ocrx_word' id='word_1_398' title='bbox 1140 4016 1298 4086; x_wconf 86' lang='lat' dir='ltr'><strong>matrimonii</strong></span> 
     </span>
     <span class='ocr_line' id='line_1_44' title="bbox 192 4093 1349 4161; baseline -0.004 -13"><span class='ocrx_word' id='word_1_399' title='bbox 192 4099 240 4149; x_wconf 87' lang='lat' dir='ltr'><strong>dos</strong></span> <span class='ocrx_word' id='word_1_400' title='bbox 267 4099 459 4161; x_wconf 73' lang='lat' dir='ltr'><strong>continebatur,</strong></span> <span class='ocrx_word' id='word_1_401' title='bbox 485 4104 513 4148; x_wconf 90' lang='lat' dir='ltr'><strong>et</strong></span> <span class='ocrx_word' id='word_1_402' title='bbox 545 4098 590 4148; x_wconf 89' lang='lat' dir='ltr'><strong>ilia</strong></span> <span class='ocrx_word' id='word_1_403' title='bbox 612 4098 724 4153; x_wconf 88' lang='lat' dir='ltr'><strong>solennis</strong></span> <span class='ocrx_word' id='word_1_404' title='bbox 765 4095 916 4147; x_wconf 85' lang='lat' dir='ltr'><strong>sacerdotes</strong></span> <span class='ocrx_word' id='word_1_405' title='bbox 927 4095 1053 4144; x_wconf 76' lang='lat' dir='ltr'><strong>terribilia</strong></span> <span class='ocrx_word' id='word_1_406' title='bbox 1070 4095 1160 4156; x_wconf 72' lang='lat' dir='ltr'><strong>murita,</strong></span> <span class='ocrx_word' id='word_1_407' title='bbox 1178 4101 1205 4143; x_wconf 84' lang='lat' dir='ltr'><strong>ct</strong></span> <span class='ocrx_word' id='word_1_408' title='bbox 1220 4093 1298 4144; x_wconf 88' lang='lat' dir='ltr'><strong>inusi·</strong></span> <span class='ocrx_word' id='word_1_409' title='bbox 1343 4117 1349 4124; x_wconf 60' lang='lat'><strong><em>¹</em></strong></span> 
     </span>
     <span class='ocr_line' id='line_1_45' title="bbox 192 4170 1257 4246; baseline -0.005 -22"><span class='ocrx_word' id='word_1_410' title='bbox 192 4172 308 4242; x_wconf 71' lang='lat' dir='ltr'><strong>¹conjugii</strong></span> <span class='ocrx_word' id='word_1_411' title='bbox 326 4189 405 4223; x_wconf 86' lang='lat' dir='ltr'><strong>cansa</strong></span> <span class='ocrx_word' id='word_1_412' title='bbox 426 4174 524 4230; x_wconf 75' lang='lat' dir='ltr'><strong>liberum</strong></span> <span class='ocrx_word' id='word_1_413' title='bbox 542 4176 725 4237; x_wconf 73' lang='lat' dir='ltr'><strong>quaermdornm.</strong></span> <span class='ocrx_word' id='word_1_414' title='bbox 765 4180 831 4236; x_wconf 85' lang='lat' dir='ltr'><strong>tata,</strong></span> <span class='ocrx_word' id='word_1_415' title='bbox 842 4177 920 4237; x_wconf 85' lang='lat' dir='ltr'><strong>atqua</strong></span> <span class='ocrx_word' id='word_1_416' title='bbox 929 4171 1013 4221; x_wconf 80' lang='lat' dir='ltr'><strong>tristia</strong></span> <span class='ocrx_word' id='word_1_417' title='bbox 1022 4170 1144 4235; x_wconf 67' lang='lat' dir='ltr'><strong>agentes?</strong></span> <span class='ocrx_word' id='word_1_418' title='bbox 1254 4233 1257 4246; x_wconf 26' lang='lat' dir='ltr'><em>I</em></span> 
     </span>
     <span class='ocr_line' id='line_1_46' title="bbox 192 4243 1299 4320; baseline -0.001 -20"><span class='ocrx_word' id='word_1_419' title='bbox 192 4243 726 4316; x_wconf 62' lang='lat' dir='ltr'><strong>Jursnalis&#39;2‘Signatratabnioe3dictum,</strong></span> <span class='ocrx_word' id='word_1_420' title='bbox 798 4256 811 4284; x_wconf 76' lang='lat'>⁶</span> <span class='ocrx_word' id='word_1_421' title='bbox 841 4247 963 4320; x_wconf 70' lang='lat' dir='ltr'><strong>Maritus]</strong></span> <span class='ocrx_word' id='word_1_422' title='bbox 992 4247 1104 4299; x_wconf 85' lang='lat' dir='ltr'><strong>Maritus</strong></span> <span class='ocrx_word' id='word_1_423' title='bbox 1129 4246 1299 4315; x_wconf 68' lang='lat' dir='ltr'><strong>Messalinus,</strong></span> 
     </span>
    </p>
   </div>
   <div class='ocr_carea' id='block_1_8' title="bbox 0 0 1548 4917">
    <p class='ocr_par' dir='ltr' id='par_1_8' title="bbox 0 0 1548 4917">
     <span class='ocr_line' id='line_1_47' title="bbox 0 0 1548 4917; baseline 0 0"><span class='ocrx_word' id='word_1_424' title='bbox 0 0 1548 4917; x_wconf 95' lang='lat' dir='ltr'><strong> </strong></span> 
     </span>
    </p>
   </div>
  </div>
 </body>
</html>
