3075 4917
702 275 723 314 Ι

233 359 300 433 w
589 378 623 427 o.
642 372 827 425 consumi
850 371 977 424 ranam
1173 373 1336 443 [auara

234 518 326 604 lege'j
339 520 494 586 disseruit
507 517 633 588 Caesar·
669 516 789 586 ‘Nam
800 515 974 601 pfflioios,
989 513 1202 580 confarreatis
1215 531 1335 598 pareu-

234 609 337 689 tibus²
359 625 497 704 genitos,
511 629 579 688 tres
602 621 703 690 simul
724 619 901 695 nominari,
916 637 961 684 ex
973 616 1050 701 quis
1064 636 1152 680 uuus
1166 617 1336 699 legeretur,

234 731 488 805 sensatorum
518 743 627 809 neque
640 723 774 800 adesse,
795 726 835 785 ut
855 719 947 796 obm,
959 738 1032 783 eam
1046 719 1192 801 copiam,
1208 717 1338 782 omissa

231 826 465 896 confarreandi
480 824 774 904 assuetudinem
793 824 876 887 inter
897 840 1028 906 paucos
1042 826 1188 886 retenta:
1210 819 1339 904 plures-

236 1030 350 1092 dioebat,
360 1036 414 1079 tres
423 1030 500 1079 simul
511 1028 642 1094 designari
654 1029 737 1078 solere
754 1025 879 1091 patricias
891 1042 923 1076 ex
936 1033 1012 1090 patre
1024 1034 1159 1093 matreque
1169 1024 1341 1077 confarreatis

236 1104 315 1156 ortos,
326 1110 359 1145 ex
370 1094 463 1158 quibus
474 1108 539 1143 nuos
556 1099 690 1143 crearetur
701 1091 788 1156 prisco
799 1091 869 1152 ritu;
891 1106 974 1156 neque
988 1099 1139 1156 suppetere,
1149 1098 1179 1141 ut
1189 1090 1342 1155 antiquitus,

236 1175 293 1209 uam
310 1157 502 1208 multitudinem
513 1156 735 1206 confarreaturum
745 1162 894 1220 parentum,
908 1157 1028 1219 neglecta
1043 1154 1224 1206 confarreandi
1234 1168 1341 1204 consue·

237 1223 337 1287 tudine,
348 1222 391 1302 pel
402 1221 472 1286 apud
483 1236 580 1286 paucos
598 1222 744 1272 observata.
780 1221 933 1285 Multasque
949 1220 1005 1284 ejus
1022 1220 1060 1271 rei
1076 1221 1190 1270 rationes
1206 1218 1341 1269 astruebat

737 1373 844 1426 NOTAE

266 1488 276 1529 l
288 1488 365 1540 Simul
373 1493 479 1553 mguada
490 1504 549 1539 eoos
557 1485 620 1553 lege]
632 1488 769 1538 Disseruit·
811 1488 838 1537 in
849 1501 926 1536 mauu
935 1488 1116 1550 conventione,
1124 1486 1234 1538 eumilla
1242 1485 1269 1535 in
1280 1483 1344 1535 tiliae

237 1580 289 1629 que
307 1566 386 1616 etiam
403 1566 437 1615 de
453 1581 522 1615 nova
541 1566 600 1630 lege
623 1564 772 1626 sancienda,
810 1564 1060 1627 locum,maritusin
1080 1563 1345 1627 patrisveuiebatut

236 1642 296 1705 quia
306 1647 381 1691 vetus
392 1642 525 1691 observari
536 1656 586 1690 non
598 1646 694 1704 posset.
718 1638 771 1688 Au·
811 1639 833 1687 si
845 1640 901 1703 quis
911 1639 982 1702 prior
994 1638 1087 1689 sitisset
1098 1638 1247 1702 defunctus,
1256 1638 1342 1687 locam

235 1716 344 1780 tiquitus
359 1718 427 1767 euim
444 1717 556 1783 (aiebat)
568 1717 646 1767 moris
663 1722 729 1779 erat,
739 1722 770 1765 nt
809 1713 969 1763 baereditatis
976 1715 1077 1777 justum
1089 1713 1164 1763 alteri
1174 1712 1292 1768 faceret?

148 1835 154 1844 .
234 1792 310 1841 nmul
326 1799 380 1843 tres
397 1795 509 1858 patricii,
525 1808 613 1844 omnes
630 1792 770 1857 aparenti-
842 1790 942 1839 Iterum
955 1789 1036 1840 alibi:
1062 1787 1343 1843 ‘Quidenimestati-

236 1867 294 1933 bas,
305 1871 350 1935 qul
361 1871 568 1932 eputarreatioue
584 1870 719 1934 conjuncti
730 1868 770 1918 fu·
811 1865 846 1913 ud
866 1865 978 1928 dextra,
997 1879 1073 1930 quam
1091 1865 1117 1913 in
1137 1880 1239 1914 manum
1250 1874 1343 1914 coure-

236 1944 327 2007 isseut,
344 1947 435 2010 geniti,
453 1949 667 2006 nominarentur;
693 1945 770 1994 exiis
809 1941 882 1990 nire?
908 1956 965 2005 qua
983 1936 1358 2004 conventioeortruperfici·'

237 2020 361 2084 deinceps
373 2037 437 2071 unus
448 2023 601 2086 eligebatur.
812 2024 863 2081 tur,
874 2024 904 2066 ut
919 2032 985 2082 aqna
996 2023 1024 2066 et
1034 2017 1086 2080 igni
1098 2015 1229 2078 adhibitis,
1244 2014 1343 2065 duobus

268 2094 281 2127 ¹
292 2096 358 2145 Num
366 2099 490 2160 patricios,
501 2096 657 2159 consumatis
665 2096 772 2160 purenti-
810 2096 928 2144 maximis
938 2096 1083 2158 elementis,
1098 2102 1191 2145 nutura
1201 2094 1345 2157 conjuncta

237 2170 291 2233 bus]
316 2172 376 2221 Non
390 2172 450 2221 aubi
468 2178 522 2223 tam
539 2173 656 2237 expressi
667 2174 733 2222 ritus
743 2172 770 2221 in
810 2171 954 2221 habeatur:
971 2170 1267 2236 quaeresadfarreatas
1277 2182 1345 2234 nup·

236 2246 345 2310 legendo
365 2248 447 2297 Diali.
491 2248 537 2298 Ait
559 2248 688 2310 Patricius,
710 2246 770 2311 quia
811 2248 861 2297 tias
882 2248 1006 2311 pertinet,
1031 2247 1124 2312 quibus
1152 2247 1294 2296 Flaminem
1314 2252 1345 2295 et

237 2336 297 2372 cum
316 2321 462 2387 quindecim
474 2323 608 2382 ,Flsmines
626 2329 723 2384 essent,
735 2337 769 2371 ex
810 2323 977 2373 Flamininum
984 2323 1044 2387 jure
1060 2321 1201 2386 Pontificio
1218 2322 1243 2371 in
1255 2320 1346 2371 matri·

235 2396 267 2446 iis
285 2402 338 2446 tres
349 2396 424 2460 primi
441 2399 554 2448 instituti
569 2397 588 2447 'a
609 2398 705 2461 Numa,
717 2412 769 2447 nou
809 2400 923 2447 monium
935 2413 1043 2448 neeesse
1054 2404 1096 2447 est
1106 2398 1262 2448 convenire)

237 2474 287 2523 nisi
308 2488 342 2523 ex
364 2474 482 2538 patribus
501 2474 673 2539 legebantur:
698 2474 769 2538 iique
841 2476 877 2523 Et
888 2475 966 2537 paolo
977 2479 1052 2537 post:
1077 2474 1157 2523 ‘Mos
1172 2471 1222 2522 fuit
1237 2471 1344 2523 Flamini

231 2549 429 2611 sejunctum
446 2551 490 2600 alii
502 2551 582 2600 etiam
599 2549 713 2614 eplebe,
724 2564 769 2614 up·
811 2562 841 2597 ac
860 2548 1018 2610 Flaminica,
1035 2552 1065 2596 ut
1083 2562 1131 2612 per
1149 2546 1343 2597 Ferreationem

237 2626 379 2689 pellatique
390 2626 509 2675 Flammea
518 2626 628 2675 minues.
809 2625 836 2674 iu
857 2626 962 2689 nuptias
982 2624 1162 2686 convenirent,
1183 2625 1259 2673 sellas
1277 2623 1345 2673 duas

271 2697 354 2748 Addit
365 2699 521 2759 confarreatis
528 2700 686 2762 pareatibus
702 2700 770 2764 quia,
806 2702 922 2766 jugatas,
931 2702 993 2752 ovili
1003 2700 1073 2764 pelle
1086 2701 1263 2765 superinjecta
1273 2698 1346 2763 poni,

237 2783 267 2825 ut
280 2776 380 2826 Plinius
391 2778 456 2839 ait‚‘
467 2778 494 2825 in
504 2779 584 2827 sacris
592 2778 655 2826 niliil
667 2778 772 2841 religio·
810 2778 869 2842 ejus
880 2779 934 2827 ovis
946 2793 1004 2843 qua
1025 2778 1110 2827 hostio
1124 2776 1233 2827 fuisset:
1259 2782 1287 2825 et
1305 2775 1344 2828 ibi

238 2853 289 2900 ritis
322 2850 536 2901 confarreationis
567 2854 671 2901 viuculo
698 2853 771 2902 erat!
810 2855 937 2904 nubentes
950 2854 1044 2904 relatis
1059 2853 1189 2917 capitibus
1205 2849 1345 2902 inconfar-

238 2927 346 2991 'l'riplex
357 2927 425 2977 enim
437 2928 594 2978 matrimonii
604 2928 772 2979 contrahendi
813 2931 928 2979 reatione
949 2931 1055 2979 Flamen
1073 2944 1104 2978 ac
1124 2929 1265 2978 Flaminica
1282 2928 1345 2977 resi·

238 3017 301 3068 mos,
314 3004 372 3066 Usu,
384 3004 470 3067 Ferre,
482 3004 626 3054 Colimtioae.
813 3005 917 3055 dorent.
949 3003 1175 3055 confarreationes
1196 3012 1281 3054 autem
1306 3010 1345 3052 to·

270 3079 485 3144 Antiquissimum
508 3095 588 3142 genus
605 3081 681 3130 Ferre
702 3079 773 3130 vide·
813 3080 884 3129 nitrn
896 3080 1013 3130 dirimit:
1039 3079 1116 3129 Adde
1133 3081 1240 3129 Festum
1257 3080 1283 3128 iu
1295 3075 1346 3128 Di·

238 3162 289 3219 tur,
308 3157 377 3220 quod
396 3156 542 3219 Dionysius
554 3157 672 3221 appellat
692 3156 773 3219 γόμον
806 3157 975 3221 sementiam
994 3155 1247 3206 Arnobiumlib.1v.
1272 3156 1345 3205 ‘Ux-

241 3233 303 3281 κατὰ
312 3231 367 3282 sois
378 3231 451 3296 ἱεροὺς
461 3231 553 3294 νόμους,
563 3240 671 3296 eratque
682 3247 772 3282 neces·
812 3246 871 3281 ores
882 3233 950 3281 enim
969 3232 1016 3281 Dii
1034 3230 1140 3291 habent,
1158 3237 1237 3295 utque
1248 3230 1276 3278 in
1286 3244 1348 3280 con·

236 3321 292 3359 sum
301 3322 352 3358 non
364 3310 444 3358 solum
456 3310 588 3359 fflmiuem
599 3309 669 3358 nasci
681 3309 773 3368 miffar·
808 3308 909 3371 jugalia
920 3306 1021 3356 foedera
1032 3305 1222 3356 conditionibus
1238 3306 1347 3355 veniunt

237 3386 311 3435 rectia
330 3386 477 3449 perentibus,
494 3385 542 3435 sed
564 3392 592 3436 ct
609 3387 692 3451 ipsum
712 3401 770 3436 cum
813 3390 873 3431 ante
894 3382 1021 3446 quaesitis.
1059 3382 1124 3443 Usu,
1146 3382 1233 3442 Ferre,
1253 3379 1346 3430 Codru-

215 3523 218 3532 ,
239 3462 383 3512 Flaminica
395 3463 471 3512 Fame
478 3463 563 3526 jungi.
811 3460 892 3521 done,
901 3459 1008 3522 genialis
1015 3458 1106 3507 lectuli
1116 3464 1278 3507 sacramenta
1286 3471 1346 3506 cou-

265 3536 373 3594 ¹Servius
389 3536 504 3585 Danielis
522 3538 548 3586 in
560 3539 690 3602 excerptis
702 3555 717 3589 a
728 3538 773 3588 Pi·
812 3532 929 3584 ducunt.5
948 3534 1055 3597 Lipsius.
1157 3573 1159 3576 .

239 3614 323 3664 tboeo:
350 3612 460 3663 ‘Tribus
480 3613 561 3663 modis
581 3614 653 3678 apud
669 3621 773 3666 veteres
845 3609 911 3658 Cum
929 3622 961 3657 ex
983 3610 1042 3671 iege
1054 3609 1136 3672 Regis
1149 3608 1242 3657 mulier
1256 3609 1282 3657 in
1295 3608 1346 3659 viri

238 3690 338 3753 nuptia
349 3687 456 3749 (iebant,
470 3689 530 3752 Usu,
545 3691 576 3753 si,
590 3690 661 3740 verbi
679 3691 773 3754 gratia,
811 3699 914 3735 manum
922 3687 1085 3746 conveniret,
1096 3684 1174 3734 certis
1184 3683 1347 3747 verbis(quae

237 3764 330 3813 mulier
341 3778 409 3812 anno
420 3776 471 3812 uno
490 3778 548 3812 cum
567 3764 632 3826 viro,
644 3763 705 3814 licat
717 3764 773 3814 sina
812 3764 910 3813 utinam
929 3776 963 3812 ex
979 3762 1087 3826 Ulpiani
1107 3761 1212 3825 scriptis
1227 3774 1348 3822 superes·

236 3837 458 3902 legibuufoisset.
478 3838 629 3899 limacum
641 3853 690 3902 per
700 3840 770 3889 Pon·
812 3846 879 3900 sent,
898 3839 937 3888 uti
960 3838 1009 3887 ltoc
1030 3835 1162 3901 superest)
1185 3835 1346 3899 testibusque

237 3911 427 3964 tiicemMsx.
449 3920 478 3963 et
499 3914 603 3963 Dialem
627 3913 769 3964 Flaminem
810 3915 992 3980 pratentibus,
1009 3913 1108 3963 solenni
1123 3912 1251 3962 sacrificio
1267 3910 1347 3974 iacto,

185 4046 188 4052 .
238 4001 285 4051 per
294 3986 383 4051 fruges
402 3995 430 4039 et
447 3990 540 4039 molam
562 3991 770 4054 salsamconjun-
812 3992 886 4056 panis
908 3990 1019 4055 ferreos,
1039 3998 1100 4040 aute
1122 4004 1215 4040 norum
1237 3994 1347 4051 nuptam

239 4060 383 4125 gebonturz
408 4064 478 4114 unde
494 4063 672 4115 confarreatio
682 4068 772 4130 appel·
813 4069 1026 4132 desistendum,
1038 4082 1115 4133 quem
1129 4067 1255 4131 conjuges
1266 4065 1348 4129 parti·

239 4138 317 4198 latur,
333 4149 367 4185 ex
387 4139 481 4201 quibus
501 4141 604 4201 patrimi
620 4146 648 4190 et
659 4142 772 4191 matrimi
811 4143 947 4207 ciperente
974 4142 1035 4191 iude
1051 4140 1243 4200 ductumsacri
1254 4151 1347 4189 nomen

239 4211 423 4264 nascebantur.
467 4213 611 4283 t'oiiristioue⁴
623 4224 773 4283 versatque
806 4217 935 4283 farseta,
952 4224 999 4269 sut
1016 4217 1184 4282 erasmreatio,
1202 4209 1276 4281 cujus
1292 4214 1347 4265 viu·
