3075 4917
198 403 326 471 aerea]
559 402 765 455 tenturum
790 406 864 455 urs.
888 405 939 456 tv.
1231 393 1298 463 w

199 569 266 632 que
286 548 358 634 ejus
376 551 425 615 rei
438 569 561 626 causas
575 552 748 619 afferebat:
770 551 989 637 potissimam¹
1001 572 1104 638 penes
1117 556 1297 621 meutiem-

196 652 343 719 uiromm
365 653 658 738 foeminarumque:
692 656 850 720 accedere
872 657 979 741 ipsius
1004 659 1206 724 caerimoniae
1233 659 1296 724 dit·

197 754 373 832 munus,
386 775 465 838 quae
480 757 632 821 consulto
646 757 844 823 vitarentur:
867 766 900 824 et
914 760 1047 843 quando
1060 763 1179 824 exiret·
1190 780 1209 824 e
1219 760 1296 844 jure

195 855 332 940 patrio,¹
351 857 460 939 quiid
484 854 685 922 Flaminium
707 860 921 943 apisceretur,
946 857 1089 945 quaequ'e
1111 863 1146 924 iu
1159 877 1295 925 manum

198 1011 290 1075 Came,
300 1023 408 1088 quatum
421 1013 577 1079 praeeipuam
587 1015 743 1067 resudant
750 1019 778 1067 ln
787 1019 971 1084 negligentiam
977 1020 1129 1069 maritorum
1142 1026 1171 1071 et
1179 1031 1296 1072 oxornat.

197 1076 350 1127 Bisaddret
359 1078 439 1142 ipsius
447 1080 513 1128 ritus
520 1081 710 1147 tumbamque
719 1084 753 1132 de
760 1084 889 1133 industria
896 1084 1295 1150 omittemumetanloqai·

193 1141 255 1191 dem
264 1148 396 1206 potestate
403 1144 729 1212 patriaensolveretnr‚qui
736 1148 979 1212 illudsaeerdum
984 1148 1296 1215 antianum

695 1275 802 1329 NOTAE

197 1370 257 1420 culo
276 1369 340 1420 nilril
360 1371 513 1435 rellpioslns,
533 1369 631 1423 Plinius
649 1374 690 1423 ait
709 1376 729 1428 l.
766 1376 853 1425 mariti
860 1383 951 1426 nutum
961 1377 1192 1428 seeoufemareet
1200 1378 1296 1444 virere,

195 1454 278 1497 xvm.
294 1450 319 1496 t.
339 1452 368 1495 et
388 1446 527 1511 Dionysius
545 1448 727 1513 antiquitatum
767 1467 826 1502 cnm
841 1454 911 1503 nulla
927 1455 991 1518 ipsis
1011 1455 1168 1507 abscedendi
1185 1454 1295 1506 fseuttar

192 1520 212 1571 l.
223 1534 256 1570 11.
277 1521 426 1571 Vertrrairrs.
765 1530 964 1594 relinqueretur.
1005 1532 1155 1596 Eodemque
1177 1532 1296 1582 instituto

227 1597 321 1647 'l'ribus
332 1599 415 1648 modis
431 1600 533 1663 nuptiae
547 1598 654 1664 fiebant,
670 1616 727 1665 nru,
766 1606 816 1654 viri
835 1606 1044 1671 astringebantur
1059 1606 1158 1656 habere
1169 1613 1197 1656 et
1214 1603 1296 1656 couti·

193 1669 274 1737 farre,
291 1675 446 1725 coemtione.
484 1673 610 1726 Bolithins
633 1678 660 1727 in
677 1679 726 1728 'lc-
765 1695 829 1731 uere
847 1681 1063 1745 foeminas,veluti
1081 1696 1136 1732 rain
1153 1681 1297 1731 necessario

194 1752 263 1814 pica.
287 1752 413 1816 Ulpianus
423 1753 465 1802 tit.
476 1758 501 1803 9.
521 1756 529 1783 ‘
543 1756 622 1805 Ferre
631 1769 725 1805 conre-
764 1772 834 1807 nexu
845 1759 894 1807 sibi
911 1759 1061 1807 devinctam
1077 1765 1157 1821 atque
1168 1756 1295 1806 individua

191 1829 266 1878 nitur
276 1829 301 1877 iu
312 1844 425 1892 manum,
440 1831 522 1881 certis
532 1832 626 1896 verbis,
635 1838 663 1883 et
674 1841 725 1883 tes·
765 1849 817 1885 am.
855 1835 928 1883 Uxor
947 1834 1015 1882 enim
1034 1831 1139 1895 pudiea,
1157 1840 1186 1881 et
1201 1832 1295 1882 marito

193 1905 265 1954 unns
283 1906 372 1956 decem
384 1908 566 1971 presentibus,
586 1916 614 1960 et
624 1911 725 1961 solenni
763 1911 792 1959 in
811 1911 929 1961 omnibus
947 1910 1099 1974 obsequens,
1108 1922 1182 1972 reque
1200 1922 1232 1958 ae
1250 1908 1296 1959 ille

189 1979 412 2045 menducium,
429 1983 455 2032 iu
472 1999 522 2049 quo
536 1986 611 2049 panis
623 2001 725 2051 quoqne
765 1988 858 2038 domus
876 1994 935 2037 erat
953 1986 1065 2048 domina,
1081 1991 1110 2035 et
1128 1985 1156 2034 in
1172 1985 1227 2049 ejus
1249 1985 1295 2034 de·

191 2055 294 2107 ferreus
306 2057 462 2109 adhibetur!
764 2061 850 2112 functi
869 2062 936 2112 buna
950 2061 1108 2112 succedebat
1126 2060 1296 2120 tremulent

224 2133 404 2200 cresus-renis]
431 2137 539 2203 Dionys.
549 2139 595 2189 lib.
607 2153 639 2190 11.
654 2140 724 2190 ‘Ru
764 2136 856 2187 nttstn
870 2137 1002 2202 parentis:
1030 2151 1131 2186 exesse
1148 2135 1295 2202 quidem,si

190 2213 279 2262 mulus
299 2214 378 2263 unica
407 2216 593 2275 constitutione
623 2217 727 2281 redegit
765 2214 853 2264 iasine
872 2214 969 2276 liberis,
988 2228 1018 2263 sc
1033 2213 1173 2262 intestatus
1184 2209 1295 2260 decede·

191 2290 478 2341 uxoresaddeeentem
496 2292 666 2354 modestiam:
693 2309 725 2345 es
764 2297 821 2353 ret:
839 2293 936 2356 quodsi
945 2293 1045 2357 prolem
1053 2291 1294 2354 habentemque

190 2361 342 2415 initialis:
369 2366 505 2418 mulierem
531 2376 648 2433 nuptam,
667 2385 724 2434 qure
764 2382 824 2417 cum
834 2367 941 2417 liberis!
957 2368 1025 2417 Haec
1035 2368 1088 2417 ille.

187 2440 267 2502 iuxta
288 2456 375 2491 sacrm
396 2443 469 2504 teges
487 2445 646 2494 coursnirset
665 2459 724 2495 cum
796 2444 803 2478 ¹
816 2445 979 2510 Potissimum]
996 2445 1090 2495 Plures
1101 2457 1193 2494 causas
1204 2440 1295 2492 affere·

191 2517 258 2580 viro,
274 2519 428 2582 participem
443 2534 500 2570 esse
518 2521 631 2570 omnium
647 2521 726 2573 bono·
763 2520 819 2581 bat,
829 2522 874 2570 sed
885 2522 1020 2583 praecipua
1027 2533 1060 2568 ex
1071 2519 1184 2567 virorum
1197 2518 1296 2579 pariter
1376 2517 1380 2523 ’

193 2608 250 2642 rum
269 2600 298 2645 et
316 2610 455 2648 sacrorum.
494 2600 670 2650 Nominabant
681 2615 725 2650 au·
763 2597 977 2661 feminarumque
997 2596 1096 2644 incuria
1114 2592 1295 2658 profectam:

193 2675 246 2717 tem
258 2669 338 2734 prisci
349 2671 457 2722 Romani
468 2687 556 2723 meras
566 2676 671 2737 nuptias
682 2691 725 2726 vo·
763 2672 878 2737 quidum
889 2670 988 2735 nuptiis
997 2669 1104 2733 endunt,
1114 2683 1165 2719 nou
1181 2671 1296 2734 student,

193 2745 287 2795 cabulo
305 2762 352 2797 ruo
367 2746 487 2812 tarracia,
510 2764 526 2798 a
546 2751 723 2802 commuuione
764 2756 881 2814 utquam
893 2746 1295 2811 opumomedqettibeustpss·

193 2820 363 2887 Farris‚quod
372 2837 419 2873 nos
428 2824 517 2874 Graeci
528 2824 724 2890 Zeaudicimus,
763 2840 820 2875 rum
842 2839 897 2890 pree
912 2824 1007 2874 ceteris
1023 2822 1169 2888 profuturo,
1188 2823 1295 2887 conjun-

192 2901 221 2945 et
229 2898 444 2961 quemadmodum
460 2900 543 2951 nostri
553 2902 670 2951 homines
680 2917 724 2951 an·
764 2908 868 2966 gantur.

150 2969 154 2974 ⁴
192 2971 360 3036 tiquissimam
370 2975 541 3027 hordeaceam
550 2977 651 3041 frugem
663 2978 725 3042 rati,
795 2979 902 3027 'Penes
919 2976 1047 3039 ianuam]
1082 2978 1137 3040 Ego
1166 2975 1295 3039 potiorem

192 3047 291 3098 hordeo
307 3050 426 3101 victimas
442 3053 555 3119 initiant,
566 3052 639 3103 dtas
658 3054 724 3104 illud
763 3068 867 3104 causam
888 3053 1044 3114 existimavi,
1067 3053 1227 3114 animumn,
1247 3065 1295 3114 per

192 3122 230 3188 (id
250 3129 293 3174 eet
308 3127 405 3176 molam
424 3128 528 3191 salsam)
548 3129 723 3179 nominantes:
764 3145 840 3195 qnam
859 3128 1022 3178 matrimonio
1040 3135 1182 3190 contracto,
1202 3127 1296 3177 mulier

192 3202 231 3251 ita
252 3201 363 3251 Romani
391 3204 518 3268 quamvis
537 3205 645 3254 hostiam
664 3204 724 3267 igne
763 3205 972 3267 minerinegotio
988 3204 1296 3330 etparijnreacsiper

193 3277 343 3327 adolendum
363 3287 518 3343 respergunt
534 3278 613 3343 farre,
626 3280 725 3344 quippe
758 3282 939 3345 smeetiosem,
948 3281 975 3330 in
989 3281 1038 3330 viri
1053 3296 1155 3330 manum
1168 3285 1197 3329 et
1208 3295 1243 3344 po

192 3353 412 3418 qnlhocfrugunr
430 3369 511 3419 genus
521 3356 725 3421 antiquissimum
763 3365 847 3408 tatem
873 3358 1004 3407 transiret.
1042 3357 1102 3410 Qua
1122 3355 1156 3405 de
1181 3370 1210 3405 re
1233 3356 1297 3405 satit

192 3429 352 3493 existimant,
368 3436 397 3479 et
412 3431 648 3492 honoratissimum:
671 3446 725 3480 nra·
764 3435 848 3484 multa
866 3434 1051 3498 inquestione
1065 3433 1134 3497 juris
1145 3433 1223 3483 trium
1232 3431 1296 3481 libe·

191 3512 240 3556 net
249 3507 318 3556 enim
328 3507 350 3556 is
360 3522 416 3557 mos
432 3506 580 3572 hodieque:
597 3520 646 3557 nec
656 3507 725 3571 quic·
763 3524 850 3559 rorum
859 3510 942 3559 emisi.
962 3508 1108 3558 Vertrnat'ar.

191 3597 270 3648 qnam
282 3589 322 3633 est
333 3584 450 3634 additum
462 3584 494 3634 ed
514 3585 626 3648 priscam
637 3582 725 3647 fruga-
796 3591 809 3617 ⁸
820 3587 856 3634 Et
866 3586 957 3648 pondo
964 3583 1054 3647 exiret]
1079 3584 1130 3634 Sed
1138 3585 1237 3647 moad,
1247 3594 1296 3645 pro

189 3658 300 3708 litatem.
334 3659 402 3711 Quia
419 3659 497 3708 socie
516 3657 725 3709 assentientium
762 3662 881 3724 quonum,
902 3672 919 3706 a
950 3660 1071 3709 Cornelio
1096 3657 1295 3708 familiarissime

190 3733 359 3784 medisina:
376 3741 404 3784 et
421 3736 513 3798 prime
528 3735 686 3796 nutritionis,
696 3738 725 3783 et
763 3741 1043 3800 usurpatnm‚exponu,
1054 3731 1296 3796 auctorel’ompein

191 3815 221 3859 nt
230 3808 381 3860 felicissimo
392 3811 477 3859 omine
487 3810 656 3859 convenirent
666 3821 725 3857 eum
764 3813 809 3863 lib.
821 3825 868 3862 xv.
894 3811 992 3875 Scripti
1002 3818 1088 3860 autem
1099 3808 1228 3858 sententia
1236 3814 1277 3856 est
1287 3805 1297 3868 ς’

190 3888 257 3950 viro,
274 3890 487 3953 appellationem
495 3903 528 3937 ex
547 3888 618 3938 farre
633 3886 725 3937 habult
765 3888 829 3936 licet
843 3886 931 3956 moris
941 3891 1010 3935 esset
1028 3885 1089 3947 capi
1109 3883 1251 3932 Flamiuem
1262 3895 1295 3930 ex

190 3965 347 4016 matrimonii
359 3966 479 4028 societas,
489 3979 582 4028 nempe
591 3963 625 4013 ad
637 3963 724 4012 vineo·
763 3961 934 4013 confarreatis
954 3960 1072 4024 patribus
1098 3965 1197 4021 natum,
1218 3956 1297 4006 desiit

189 4049 243 4096 lnrn
265 4046 455 4113 conjunctionis
473 4043 657 4094 indissolubilis
674 4043 723 4092 hoe
763 4045 851 4090 nmen
871 4036 1060 4086 matrimonium
1080 4049 1128 4098 per
1148 4033 1296 4083 confarrea-

189 4122 327 4186 tendebat
344 4122 459 4187 nihilque
477 4126 535 4170 erat
556 4119 626 4185 quod
645 4119 723 4169 lresce
764 4116 861 4166 donem
872 4113 996 4174 contrairi,
1007 4110 1126 4177 qnoniam
1137 4109 1205 4160 tilius
1215 4124 1249 4160 ex
1262 4124 1295 4160 eo

188 4199 294 4263 nuptias
314 4198 455 4247 dissolvere
481 4203 579 4260 posset.
622 4196 660 4245 En
679 4195 722 4245 lex
763 4197 852 4252 natus,
871 4188 893 4239 si
912 4187 1008 4238 deiude
1025 4187 1131 4237 Flamen
1146 4185 1233 4249 tieret,
1252 4184 1295 4234 rel

189 4275 372 4347 obstrluqebat
379 4282 474 4343 nuptas
480 4275 597 4329 luminas
605 4273 639 4326 ad
644 4285 723 4326 unum
759 4266 826 4331 filis,
837 4266 917 4332 siper
927 4278 1014 4315 sacra:
1030 4262 1134 4331 nuptias
1145 4261 1172 4313 iu
1183 4258 1294 4323 ririjant

1272 3293 1296 3328 ,ο
1378 3340 1380 3344 .
