3075 4917
174 385 320 450 suaa]
424 377 458 400 ·“
551 381 935 438 senseresensere.
1214 374 1281 444 m

174 527 234 592 aut
247 525 384 609 eingrtlij
399 529 533 610 meunt:
555 527 683 595 delwta
697 550 741 595 ox
754 530 808 596 his
833 537 867 598 et
889 533 1092 600 eorssociuta¹
1121 531 1280 620 Reipubl.

172 626 292 704 formo,
322 625 464 692 laudari*
480 628 623 708 facilins,
638 635 740 714 quam
761 635 904 711 evenire,
920 635 985 712 vel,
1000 636 1030 699 si
1045 633 1177 715 evenit}
1190 637 1285 704 hanel

171 726 331 792 diuturna
345 737 418 792 esse
433 734 556 813 potesta
573 731 691 814 Igitur,
702 741 742 798 ut
761 736 853 814 olim,
868 735 966 819 plebe
981 736 1107 816 valida,
1121 738 1186 816 vel,
1201 758 1285 804 eum·

173 826 294 894 Patres
319 830 489 912 pollerent,
511 832 680 897 noscenda
696 836 810 917 vulgim
823 842 959 918 notura,
974 842 1018 916 el,
1032 839 1277 922 quibusmodis
1310 858 1320 890 ι

171 1001 248 1052 tribas
258 1001 298 1051 itis
307 1003 389 1065 electe
398 1009 422 1053 et
433 1006 560 1070 cormonte
574 1007 645 1072 Rsip.
656 1008 744 1071 ιριιίιι
753 1009 867 1060 celebrari
874 1011 1039 1076 cuiusquam,
1045 1029 1115 1077 quum
1123 1015 1276 1077 contingere:

169 1067 237 1116 sets
246 1063 365 1130 emtisgit
375 1068 525 1132 aliquando,
539 1071 582 1120 niu
589 1087 727 1134 numerere
741 1089 787 1123 nori
799 1080 885 1137 potat
919 1076 1001 1140 itaque
1019 1080 1209 1158 mumolum
1219 1080 1276 1129 otta

169 1131 322 1181 masmine
333 1134 492 1199 prepollens,
510 1137 547 1185 orl
557 1151 610 1186 eum
619 1142 714 1187 unctus
720 1141 871 1203 prevaleret,
881 1141 1061 1203 ὥςιιιιιιιιάιιιιι
1069 1143 1165 1207 stello
1154 1158 1277 1218 ιιιςιιιιιιιιι

633 1247 677 1267 en
679 1247 811 1267 ’00000Νο

202 1310 502 1396 lilis.Flor.corsciutn.
537 1314 680 1364 Beroaldus
700 1320 729 1363 et
748 1320 862 1381 veteres,
882 1317 1022 1369 comitutu.
1054 1319 1202 1380 Dirintbat
1215 1320 1274 1373 lac.
1330 1313 1334 1320 ’

667 1444 779 1499 ΝΜῈ

166 1535 284 1602 landam,
307 1554 384 1605 quam
410 1542 569 1593 constituere
596 1541 699 1594 facilius
772 1541 922 1610 ineman]
944 1545 1030 1600 Trium
1052 1546 1160 1598 istarum
1178 1543 1272 1599 forme·

166 1619 218 1666 ert.
606 1629 610 1638 ¹
739 1634 796 1669 rum
823 1622 1003 1686 Respublica
1024 1622 1080 1673 dari
1111 1622 1168 1687 ipse
1193 1623 1273 1676 mode
1306 1663 1309 1668 »

197 1689 274 1742 ιλιι
293 1694 394 1758 duali]
421 1645 525 1760 Nempe
546 1698 631 1762 Reges
653 1713 699 1747 seu
739 1695 838 1745 diserte
849 1697 969 1747 dicebat
987 1696 1033 1746 sed
1053 1697 1163 1762 aliquam
1182 1712 1215 1747 er
1232 1698 1270 1748 nis

165 1766 352 1833 Imperatores,
380 1787 438 1836 qnoe
470 1774 569 1836 optima
594 1773 698 1837 reipub
739 1772 867 1822 deiectam
884 1781 962 1839 atque
980 1774 1017 1822 ila
1036 1772 1163 1837 libratam,
1174 1780 1203 1823 ut
1218 1789 1272 1825 om

163 1842 257 1896 forma.
287 1848 358 1899 Plut.
377 1849 479 1900 Libello
496 1851 530 1901 de
547 1851 628 1901 tribus
639 1851 699 1902 Rei·
739 1847 809 1898 nium
822 1848 957 1899 commoda
975 1849 1174 1912 complectatur,
1190 1849 1270 1899 omni·

164 1920 228 1983 pub.
240 1923 420 1985 sordebunt!
433 1925 511 1977 Quod
525 1926 554 1980 si
577 1926 602 1976 ei
621 1926 699 1978 detur
739 1939 781 1980 ιιιιι
802 1924 885 1975 evitet
902 1926 974 1988 vitia,
992 1940 1048 1974 eam
1073 1939 1135 1974 vero
1159 1924 1271 1988 reperiri

165 1994 359 2058 opliot'ormam
377 1999 490 2063 Reipub.
505 2007 626 2066 tauquam
643 2017 697 2052 mu·
737 1999 814 2049 valde
826 2008 920 2065 negat:
931 2001 1011 2065 idque
1021 2014 1054 2049 ex
1062 2014 1133 2063 vero,
1145 1998 1269 2064 quicquid

164 2072 247 2123 acum
264 2073 471 2139 instrumentum,
496 2092 544 2127 suu
568 2078 696 2130 arbitratu
737 2076 780 2124 aiii
789 2084 880 2126 contra
891 2078 1027 2127 somnient.
1051 2073 1269 2127 Priusenimfor·

163 2149 325 2212 capessendi,
335 2151 431 2200 nullam
444 2152 560 2215 profecto
569 2153 697 2220 delegerit
735 2153 822 2203 mandi
830 2161 918 2206 essent
930 2156 974 2205 alii
982 2155 1098 2204 homines
1106 2152 1176 2219 (aliis
1187 2154 1267 2204 etiam

163 2223 250 2286 aliam,
272 2241 347 2291 quam
370 2228 558 2292 Monarchiam,
577 2230 696 2282 Plalonis
734 2228 862 2295 moribus)
879 2245 912 2279 ex
923 2231 1016 2295 quibus
1024 2230 1151 2295 ejusmodi
1161 2229 1267 2294 respub.

161 2298 365 2352 fidemsecutus.
396 2305 436 2353 Ea
455 2306 524 2353 euim
542 2307 695 2370 solapotest
734 2303 920 2371 institueretur·
1264 2325 1268 2330 ·

162 2375 307 2442 perfectum
318 2382 405 2446 istum,
415 2387 443 2430 et
451 2380 586 2445 lptlr,sive
596 2390 695 2434 rectum
765 2379 883 2445 laudum]
909 2381 1020 2445 Dionys.
1036 2380 1054 2431 l.
1070 2394 1102 2430 ιι.
1124 2380 1221 2433 ‘Quod
1243 2380 1266 2431 si

161 2453 266 2503 virtutis
277 2460 374 2518 tonum,
391 2463 419 2507 et
430 2459 622 2509 contentionem
640 2475 695 2510 sne·
734 2468 785 2503 uua
806 2456 934 2522 quaepiam
946 2465 1016 2506 esset
1036 2454 1105 2520 apud
1116 2470 1203 2506 omnes
1219 2457 1265 2506 lro·

161 2527 256 2594 tinere,
265 2537 293 2580 et
302 2532 454 2597 utilitatem,
463 2548 548 2599 neque
556 2536 695 2585 necessita·
723 2533 814 2583 mines
823 2534 884 2584 ritae
895 2536 970 2597 ratio,
981 2550 1038 2599 quae
1046 2535 1164 2584 civitates
1173 2532 1264 2583 felices

163 2604 206 2668 tis,
227 2620 312 2672 neque
333 2609 426 2671 gratiae
453 2625 533 2660 cansa
550 2609 692 2661 inflectere.
732 2607 843 2674 faceret,
862 2624 920 2659 eam
939 2610 1018 2659 facile
1030 2610 1062 2659 ab
1073 2609 1135 2674 ipsis
1146 2608 1208 2672 eligi
1217 2622 1264 2672 po·

162 2679 283 2746 Reliquae
294 2684 327 2746 iel¹
339 2685 446 2749 habent,
462 2686 530 2752 quud
541 2685 596 2738 sere
607 2688 637 2749 is,
648 2687 693 2752 qni
733 2685 828 2746 tuisse;
844 2699 912 2734 nnnc
921 2686 1006 2735 varias
1013 2686 1070 2749 ejus
1078 2685 1195 2750 reperias
1205 2698 1264 2749 spe·
1294 2723 1298 2728 .

159 2759 282 2822 imperat,
302 2761 350 2810 sub
373 2761 482 2825 imperio
508 2769 539 2812 et'
561 2771 693 2827 potestate
732 2765 795 2827 cies,
814 2771 869 2815 turn
891 2766 961 2831 apud
982 2766 1099 2828 Grecos,
1117 2753 1172 2814 tum
1192 2762 1263 2828 apud

161 2839 202 2885 est
212 2850 220 2895 ;
232 2843 260 2884 et
271 2836 315 2899 qui
323 2837 392 2899 gerit
399 2851 451 2901 eas,
459 2838 515 2903 ipse
523 2839 632 2905 geritur,
641 2839 694 2890 fer·
732 2841 865 2905 barbaros,
875 2841 922 2891 sed
931 2843 963 2891 ab
974 2841 1089 2906 expertis
1099 2840 1198 2891 laudari
1208 2837 1272 2890 tres¹

161 2915 274 2974 torque:
297 2911 368 2975 quod
385 2926 437 2962 non
455 2913 535 2963 habet
553 2915 605 2963 vim
632 2915 691 2965 soii·
731 2916 909 2980 potissimum
931 2918 1078 2974 nechoram
1090 2918 1261 2967 tarnennllam

160 2984 230 3050 dam,
241 2993 270 3036 et
281 2987 413 3049 stabilem,
428 2990 510 3053 qurlu
526 2992 608 3040 estin
619 3007 691 3042 ιιιοιι·
732 2992 764 3042 ab
777 2994 845 3042 omni
856 2998 931 3057 parte
942 2993 1078 3054 sinceram,
1091 2993 1151 3056 quin
1166 2992 1270 3058 cuique¹

160 3061 258 3122 archia,
276 3063 321 3112 sed
333 3078 403 3128 saepe
409 3065 512 3128 cogitur
525 3067 691 3131 AEsehyienm
730 3067 847 3132 sliunid
839 3067 902 3117 insit
912 3067 984 3129 mali,
995 3067 1050 3117 fatu
1060 3065 1171 3168 quodam
1184 3079 1261 3129 agam

159 3136 222 3187 illud
233 3138 389 3202 declamare,
407 3156 458 3205 qno
469 3156 528 3190 usus
544 3147 584 3191 est
595 3142 691 3192 Deme·
732 3141 810 3195 tom!

159 3214 224 3263 ttius
252 3215 425 3280 Poliorcetes,
447 3217 540 3267 amisso
562 3218 690 3282 imperio:
762 3217 769 3251 ¹
790 3219 833 3269 Vel
833 3216 1263 3283 ‚nmriflriutsiconstituipus-

157 3294 382 3357 ‘Tumecreasti,
393 3295 587 3346 tufersexitum
595 3297 689 3348 mihiss’
729 3294 763 3344 sit
763 3303 878 3360 ,tamem
894 3295 958 3344 vitio
969 3292 1152 3343 humanorum'
1145 3296 1260 3359 ingenio·

158 3370 215 3421 Irir.
224 3372 241 3422 Ι.
253 3384 286 3424 ιι.
294 3386 318 3422 e.
326 3374 372 3421 ΒΛ
383 3373 481 3435 Regem
487 3372 613 3422 hommem
621 3387 689 3436 esse,
727 3385 783 3420 rum
794 3372 827 3421 ad
843 3371 892 3420 vim
902 3378 930 3421 et
939 3370 1072 3419 licentiam
1082 3368 1157 3418 nimis
1166 3370 1270 3435 procli.

72 3455 77 3468 ·
141 3509 144 3514 .
157 3460 175 3496 a
186 3461 237 3511 quo
248 3448 384 3511 impelres,
404 3448 446 3498 ubi
462 3447 517 3510 jus,
534 3447 579 3497 uhi
595 3447 689 3514 injurio
727 3447 808 3509 vium,
819 3446 863 3495 diu
874 3445 1016 3496 consistere
1027 3459 1079 3494 non
1089 3451 1184 3508 potest.

158 3521 283 3586 opossit:
306 3537 362 3571 esse
373 3523 464 3586 gratiae
476 3523 569 3586 iocum,
580 3523 688 3573 essebe-
758 3529 778 3555 ¹¹¹
794 3523 916 3571 Nosectrdn
935 3521 1013 3583 uulgi]
1045 3521 1123 3585 Vulgi
1139 3527 1258 3572 naturam

156 3596 268 3657 neficio;
291 3607 317 3646 et
328 3598 405 3648 irasci
415 3606 442 3647 et
451 3598 584 3661 ignoscere
595 3613 686 3662 posse:
727 3604 862 3662 artemque
882 3597 1005 3659 boisum,
1024 3596 1136 3661 itemque
1150 3604 1257 3651 senatus

156 3672 228 3724 inter
239 3674 351 3722 enricum
366 3681 444 3737 atque
456 3673 586 3723 inimicum
598 3673 687 3723 discri-
726 3680 753 3724 et
774 3674 914 3738 primorum
932 3673 1036 3737 ingenia
1046 3687 1181 3737 moresque
1199 3686 1257 3737 per·

156 3764 218 3800 men
249 3765 331 3799 nosse.
375 3751 459 3814 Leges
491 3764 545 3799 rem
575 3749 687 3814 surdam,
726 3761 802 3798 nosse
820 3748 904 3813 prima
922 3750 1066 3813 prudentiae
1084 3748 1140 3797 laus
1151 3753 1217 3812 erat,
1227 3752 1257 3799 et

155 3826 344 3878 inexorabilem
352 3841 419 3890 esse,
435 3825 601 3875 salubriorem
617 3825 688 3875 meli·
726 3825 769 3890 qni
791 3825 819 3874 id
839 3824 950 3874 assecuti
971 3829 1054 3884 eraut,
1076 3822 1206 3886 sapientes
1227 3825 1256 3873 et

155 3915 279 3967 oramque
300 3901 380 3964 inopi,
399 3916 474 3966 qnam
496 3901 612 3964 potenti:
625 3900 689 3949 nilril
727 3901 862 3949 saecnlisui
870 3900 948 3963 periti
956 3899 1124 3948 habebantur.
1273 3955 1277 3962 ⁴

155 3978 310 4036 iuramenti,¹
322 3991 371 4026 nec
392 3977 472 4026 reniae
483 3976 588 4039 habere,
599 3976 620 4025 si
635 3991 687 4025 mo·
762 3975 837 4037 Vulgi
851 3974 949 4037 sutura]
975 3975 1046 4022 Plut.
1059 3978 1185 4037 precept.
1197 3975 1256 4026 Rei·

155 4055 217 4107 dum
229 4055 385 4106 excuseris:
405 4054 575 4117 periculosum
584 4067 649 4110 esse,
659 4050 687 4100 in
725 4050 787 4114 pub.
798 4049 936 4113 gerenda:
952 4046 1192 4099 ‘Quemadmodum
1200 4049 1267 4102 vinl‘

154 4136 195 4181 tot
205 4130 325 4180 humanis
335 4130 476 4193 erroribus,
495 4130 551 4180 sola
565 4129 686 4182 innuen·
725 4143 794 4189 usus,
814 4126 887 4177 initio
904 4126 1017 4192 quidem,
1041 4126 1156 4190 arbitrio,
1176 4134 1254 4195 atque

154 4204 313 4258 tlavivere!
725 4202 1033 4268 legebibenlisregitur·
1055 4202 1100 4255 nbi
1119 4217 1180 4254 vero
1196 4220 1253 4257 sen·

219 4281 514 4353 naturarum(
682 4281 762 4335 ruer.
843 4343 847 4348 ,
1129 4282 1187 4337 ss
