3075 4917
189 371 351 442 seles·
540 328 750 424 ιιιιιιιιυιι
776 375 851 423 ars.
875 374 958 425 xrs
1127 411 1129 416 .
1212 360 1299 430 1097

189 510 462 593 mambra}
474 519 510 581 ct
529 514 700 601 Appianae
721 518 829 602 caedis
851 513 997 585 molitor*
1021 517 1215 597 Narcissus,
1236 520 1298 609 da·

187 679 260 728 εἰειιιι
277 678 319 744 qai
339 678 420 743 Appio
440 679 526 731 Silano
545 696 624 732 secem
636 689 808 750 κωφή
827 685 919 750 Polias,
934 685 974 749 qai
987 665 1039 733 iam
1056 684 1168 749 temporis
1190 684 1296 734 musitae

195 833 205 862 r
451 834 454 838 '
636 841 638 845 '
699 829 806 880 Nom

191 933 323 999 Eparcho,
343 937 462 994 occultus
475 944 571 1003 tamen,
594 946 623 989 ut
640 946 724 1004 puto:
765 943 843 994 etiam
865 941 933 992 forta
953 941 1087 1005 consultis,
1113 944 1142 990 et
1172 940 1300 992 societate

190 1023 251 1061 nam
282 1010 388 1061 Cassius
410 1014 520 1064 Cbaerea
543 1022 570 1064 et
590 1016 725 1067 Cornelius
765 1020 892 1083 ejuscum
908 1019 948 1069 bis
961 1033 1005 1084 qur
997 1018 1132 1086 odissent
1144 1017 1299 1082 caluman-

188 1077 300 1136 Sabinos
316 1085 443 1138 militares
457 1089 508 1139 riri
532 1090 632 1140 cedem
650 1103 725 1157 pere·
765 1100 811 1144 tea
820 1095 960 1159 scrrpserat
969 1094 1090 1143 Tacitus

190 1177 263 1229 gere·
799 1171 913 1235 Caesaris]
928 1171 1010 1235 Lege,
1017 1171 1059 1219 vel
1067 1169 1194 1238 intellige
1201 1168 1232 1220 C.
1244 1169 1300 1221 Cre·

193 1243 319 1294 ’crim
334 1259 413 1294 assem
428 1245 532 1296 Coesast's
540 1247 665 1312 numam]
692 1248 724 1298 C.
764 1246 838 1295 saris.
867 1246 1012 1309 Caligulam
1021 1245 1154 1309 rutellrgrt,
1163 1245 1300 1308 cujusce·

190 1319 301 1369 Caesaris
320 1321 463 1385 Caligula:
480 1324 554 1387 cujas
572 1324 644 1373 necis
664 1339 725 1375 corr·
765 1321 806 1371 dis
828 1322 947 1372 conscius
965 1321 1096 1370 Callistus.
1135 1321 1300 1373 Vidc'Josc·

188 1396 256 1446 scius
275 1398 460 1463 particepsque
479 1398 530 1449 fult
550 1400 591 1450 bic
606 1401 726 1468 libertus,
765 1399 855 1463 pbum.

188 1477 312 1538 patrante
322 1474 439 1540 Josepbo
451 1487 511 1525 ιιι.
523 1480 547 1527 1.
564 1476 665 1526 scilicet
681 1491 725 1527 au·
797 1472 810 1508 i
825 1474 943 1539 Appiana
953 1472 1220 1536 roedismolitor1Vide
1233 1472 1299 1523 sos·

189 1555 254 1612 tem,
274 1551 397 1601 Tacitum
415 1549 465 1600 boc
477 1566 596 1602 sanasse
612 1552 724 1604 inlibris
765 1554 823 1600 ton.
841 1564 901 1615 cap.
913 1550 1083 1613 ibin-cujus
1095 1548 1198 1611 uerbis:
1219 1549 1297 1599 ‘Nec

189 1625 235 1692 qui
245 1624 279 1677 de
291 1627 419 1691 Caligula.
443 1627 550 1691 Lipsius.
627 1649 633 1662 ·
765 1629 848 1678 multo
863 1634 921 1693 post
937 1642 970 1677 cx
990 1628 1135 1691 composito
1154 1627 1299 1691 irrumpere

191 1711 196 1718 “
219 1700 259 1752 Ac
276 1702 494 1766 primoCoilistas]
523 1703 621 1768 Pallas,
633 1704 724 1754 Callis·
762 1703 865 1769 Appius
881 1705 1029 1766 nunciatus,
1050 1704 1093 1754 cui
1114 1703 1198 1768 pridie
1218 1704 1252 1753 ad
1270 1703 1300 1753 id

188 1784 240 1842 tus,
249 1783 278 1828 et
289 1779 438 1841 Narcissus,
447 1782 456 1809 ‘
465 1794 529 1844 quos
540 1795 620 1843 penes
633 1788 725 1845 poten·
765 1781 889 1870 temporis
899 1788 930 1832 ut
937 1781 1042 1832 adesset
1053 1787 1217 1845 preceptum
1226 1788 1299 1830 erat·

188 1856 234 1920 tra,
242 1862 280 1918 et
291 1857 361 1907 sires
371 1862 516 1921 verterent,
527 1855 656 1922 formido,'
665 1872 724 1923 cog·
764 1858 839 1921 quasi
854 1857 932 1921 plane
948 1862 1183 1922 representantur
1204 1856 1300 1906 somnii

187 1933 244 1982 nito
256 1932 416 1983 Messalliuae
427 1928 671 1996 facinore,primnm
688 1934 725 1984 lu·
763 1933 840 1994 tides,
850 1933 949 1983 accersi
966 1933 1064 1996 statim,
1084 1946 1115 1982 ac
1134 1930 1199 1982 mori
1210 1931 1299 2013 Jussnr

188 2015 231 2058 ter
251 2022 280 2057 se
300 2009 491 2073 consultavere,
507 2022 540 2057 an
561 2011 725 2059 retraherent
764 2016 823 2070 est;
825 2008 890 2059 'sed
903 2008 999 2058 menda
1011 2015 1060 2059 est.

188 2085 367 2136 Messallinam
389 2084 422 2134 ab
443 2083 488 2134 illo
508 2086 613 2148 perdito
625 2102 725 2150 amore,
797 2085 855 2136 Quo
865 2085 932 2134 euim
945 2084 1042 2134 accersi
1050 2083 1170 2148 jubetur,
1181 2084 1254 2148 qul'
1242 2098 1300 2147 Jam

188 2161 268 2227 idque
286 2162 406 2211 minaciis
426 2161 536 2211 intentis
561 2163 594 2214 de
614 2169 672 2213 tota
694 2178 724 2214 re
764 2161 872 2210 aderat?
895 2160 957 2212 Non
979 2158 1048 2223 fugit
1067 2158 1241 2222 Torrentium,
1255 2158 1299 2223 qui

173 2235 302 2288 'Claude
318 2235 518 2287 manifestanda.
765 2251 799 2288 ex
819 2237 890 2288 libris
908 2238 983 2303 legit,
1000 2238 1096 2300 messi,
1112 2250 1160 2300 pro
1172 2234 1302 2306 accusari,

191 2337 193 2346 ι
221 2314 284 2364 Sed·
297 2314 487 2378 animadverso,
506 2328 559 2364 non
577 2315 636 2365 leve
653 2316 724 2368 illine
764 2314 1006 2378 utinterpretatur.
1038 2311 1104 2364 Mihi
1114 2313 1190 2363 umeri
1210 2327 1300 2362 aarum

188 2389 343 2455 periculum,
359 2390 477 2453 postilla
495 2381 652 2456 disceptant,
661 2406 723 2443 num
763 2391 900 2448 videatur:
913 2396 942 2439 ut
951 2389 1083 2439 exclusum
1093 2403 1151 2438 eum
1162 2403 1177 2438 a
1187 2383 1299 2438 Claudio

187 2467 275 2532 potios
286 2466 321 2515 sit
331 2481 388 2515 cam
399 2466 468 2530 apud
477 2468 599 2516 maritum
609 2468 722 2521 deferre.
763 2466 946 2531 intelligamus,
964 2480 1014 2515 nec
1036 2464 1184 2516 admissum.
1219 2457 1300 2514 Τιιιιι-

187 2543 288 2592 Veram
309 2547 338 2590 et
353 2541 413 2591 binc
427 2541 552 2605 periculis
570 2542 724 2594 imminenti·
765 2538 914 2606 scripserim
940 2543 1027 2607 etiam,
1053 2543 1139 2604 meari,
1163 2557 1192 2591 oo
1214 2542 1298 2605 actim

187 2619 247 2683 bus,
265 2618 356 2668 Pallas
371 2623 400 2668 at
417 2618 541 2668 Callistus
562 2620 640 2669 missa
656 2627 726 2671 utra·
764 2621 835 2670 asoti.
869 2619 1013 2669 Historiam
1023 2626 1084 2684 pete
1097 2618 1297 2681 aDiooe.Lips.

187 2705 240 2761 que
251 2693 362 2756 faciant,
372 2693 480 2744 diversis
491 2694 627 2746 decausis.
796 2695 927 2760 zlpplaaoe]
943 2695 1023 2761 Apud
1040 2697 1146 2745 sueton.
1161 2696 1259 2758 occasi,
1270 2709 1299 2765 oc

221 2769 261 2820 At
277 2770 417 2820 Narcissus
429 2770 546 2833 persistit
560 2771 586 2819 ln
599 2772 725 2834 posterio-
764 2772 848 2820 statim
863 2772 924 2821 mosi
934 2772 1016 2831 jussu
1026 2777 1071 2835 est,
1083 2771 1181 2822 accersi
1204 2786 1299 2835 nempe

187 2847 262 2898 fibus
273 2845 397 2908 consiliis,
409 2846 511 2896 scilicet
526 2846 553 2893 in
567 2849 724 2912 αειιιιιιιίοιιι,
763 2847 792 2895 iu
803 2846 950 2897 cubiculum
963 2847 1083 2912 Caesaris,
1093 2847 1244 2898 Messallina
1256 2862 1299 2897 co·

187 2938 240 2974 uno
259 2929 361 2973 tantum
379 2923 532 2972 immutato:
549 2924 597 2973 boc
611 2931 662 2986 ast,
679 2925 724 2974 de·
764 2938 829 2987 ram,
840 2929 869 2973 et
886 2924 1010 2974 Narcisso
1031 2924 1198 2986 delatoribus,
1210 2938 1240 2974 ac
1259 2931 1298 2974 sai

188 3001 299 3051 sticarit
321 2999 497 3050 Messalliuam
513 3010 668 3064 pervertere
684 3016 724 3052 se·
764 3000 870 3059 tellitio,
887 3000 933 3048 ubi
950 3000 1040 3049 statim
1057 3001 1121 3050 mori
1142 3002 1230 3065 jussus
1246 3007 1299 3065 est,

189 3085 266 3127 creta
277 3078 417 3129 delatione
765 3075 1170 3141 tanquamscelensmanufestos,
1180 3073 1298 3141 utsupra

220 3156 320 3204 Verum
339 3156 481 3218 enimvero,
498 3169 615 3219 quaenam
633 3153 724 3204 borum
764 3152 886 3202 Valerius
899 3152 1039 3202 Asiaticus.

187 3230 282 3294 supina
298 3230 409 3279 stultitia
422 3229 507 3295 (dicat
527 3230 631 3295 aliquis)
647 3231 723 3280 minis
796 3227 840 3277 Sic
862 3228 931 3278 lutra
954 3228 1057 3277 domum
1080 3227 1204 3278 seviebat
1223 3229 1300 3279 Clau

187 3319 246 3356 eam
256 3317 363 3370 sperare
372 3306 406 3355 ab
418 3305 569 3355 amorasilli
578 3305 722 3365 deterrere,
763 3303 831 3353 dius.
844 3304 920 3355 Quod
930 3300 1058 3366 flagitium
1070 3310 1206 3353 aversatur
1225 3289 1299 3372 Nero

187 3383 231 3432 col
248 3383 314 3432 adeo
330 3382 389 3432 vilis
400 3381 520 3444 maritus,
532 3388 561 3429 ut
571 3381 676 3446 nuptias
695 3382 722 3430 in
762 3381 832 3431 infra
842 3394 906 3430 xnr.
917 3384 965 3431 4.‘
979 3381 1040 3429 Nou
1057 3381 1126 3429 enirn
1142 3395 1169 3429 se
1181 3382 1299 3444 negotio·

187 3461 330 3525 propatulo
341 3459 473 3509 celebrare
485 3460 520 3508 sit
531 3460 609 3508 ausa?
762 3471 819 3505 rom
831 3456 942 3504 omnium
956 3453 1075 3519 judicem
1084 3454 1152 3516 fore,
1163 3462 1193 3504 ot
1202 3456 1297 3505 clausis

190 3549 196 3552 ·
220 3535 376 3600 Respondet
397 3549 445 3599 pro
465 3548 508 3583 me
532 3534 668 3584 Suetonius
694 3535 722 3583 in
762 3533 919 3581 unamintra
937 3531 1040 3580 domum
1054 3531 1249 3582 accusatoribus
1270 3540 1299 3584 et

188 3619 282 3671 Claud.
293 3622 335 3668 ab.
347 3617 486 3681 docetque,
496 3615 529 3664 ad
542 3615 663 3666 maritum
674 3614 722 3664 fal·
761 3610 822 3671 reis,
832 3623 974 3673 pancorum
988 3609 1104 3673 potentia
1118 3609 1297 3671 grassaretur!

185 3691 356 3745 lendumuon
372 3707 429 3741 earn
449 3703 550 3740 omnem
564 3696 721 3754 praetextum
806 3687 885 3735 Mane
898 3685 944 3742 ‚ad
967 3683 1038 3734 fores
1062 3685 1152 3749 palatii
1175 3685 1298 3736 accedebat

187 3769 264 3821 flocci
276 3767 385 3820 fecisse:
397 3768 404 3797 ‘
418 3767 487 3818 Nam
498 3766 563 3815 illud
580 3765 721 3816 omuemii-
762 3760 879 3827 Appium
898 3761 937 3811 cai
953 3761 1077 3824 pridiani
1097 3762 1128 3810 od
1145 3762 1172 3810 id
1187 3763 1299 3825 temporis

188 3846 248 3894 dem
269 3844 420 3907 excesserit,
448 3841 518 3907 quod
536 3841 637 3904 nuptiis
658 3854 722 3905 pras
762 3840 852 3886 areoet
867 3840 1014 3901 preceptum>
1031 3841 1090 3886 erat.
1122 3837 1217 3886 Statim
1233 3844 1298 3888 ιιιιιι·

189 3915 722 3980 Messalinaeumadolterosntofacerat,
762 3915 842 3963 tiatur
862 3912 970 3963 Claudio
988 3912 1145 3976 irrumpere,
1155 3912 1298 3964 accersitur

187 3996 375 4047 tabellasdotis
394 4003 422 4046 et
437 3994 495 4060 ipse
510 3994 721 4058 consignaverit,'
762 3990 789 4038 lu
801 3988 958 4050 cubiculum,
975 3987 1122 4050 damnatur,
1132 3991 1160 4036 et
1170 3987 1237 4036 mori
1255 3987 1297 4052 ju-

188 4079 240 4124 &c,
262 4074 404 4124 Solimus.
762 4066 848 4116 betur.

192 4154 196 4160 ·
223 4150 346 4213 emtam,
367 4153 407 4214 pc.
435 4147 559 4211 mnam]
602 4148 643 4198 De
668 4147 723 4212 ejus
793 4139 1001 4207 Appirmoaedis]
1021 4139 1062 4188 Ex
1073 4140 1218 4201 composito
1226 4139 1297 4193 luter

188 4226 301 4293 ingenio,
322 4225 418 4291 indole,
439 4223 554 4288 fortuna,
582 4223 675 4291 gratia,
693 4230 723 4275 et
762 4215 1191 4283 dollscurcalcrisartidcesprldie
1203 4217 1294 4272 adasai
