3075 4917
177 414 339 488 bourn·
530 416 736 470 nunsurnn
762 421 836 471 nra.
859 421 920 472 rue
1212 402 1307 475 819*

179 561 323 629 Groecos
337 570 378 627 ea
392 562 548 638 tenuisse,
562 562 788 649 Cupreoeqne‘¹
809 563 1281 643 Teebou1.honiutus,fana

180 664 308 729 nedic-
334 663 401 726 Sed
427 668 498 727 lum
516 662 672 728 Tiberius
697 666 873 731 duodecim
897 667 1048 731 villarum
1069 667 1279 733 nominibus²¹

177 771 215 829 et
227 765 370 829 molibus
382 764 569 845 insederat3
592 772 716 850 quuuto
738 768 884 833 intentus
898 769 978 832 olim
998 769 1151 851 publicas
1165 769 1208 833 ad
1218 789 1280 834 eu·

180 885 248 943 ras,
264 870 356 929 tanto
367 866 515 930 occultos
528 866 563 929 in
584 866 684 931 luxus
698 872 731 931 et
744 869 866 932 malum
877 870 978 933 otium
992 871 1177 947 resolutus.³
1201 870 1277 936 Ma·

180 968 282 1031 nebat
294 967 665 1049 quippe'snspicionum
681 974 713 1031 et
736 968 890 1032 credendi
915 972 1090 1055 temerituS,
1106 991 1205 1054 quam
1221 972 1280 1037 Se·

174 1067 287 1152 janus,
303 1087 420 1148 augere
434 1069 533 1132 etiam
547 1070 581 1130 in
594 1069 675 1132 urbe
690 1075 814 1145 suetae,
830 1071 940 1134 acrius
954 1072 1118 1146 turbabat,
1132 1091 1197 1136 non
1206 1075 1278 1158 jam

179 1169 331 1235 occultis·
352 1169 527 1232 adversum
543 1167 765 1252 Agrippinam
778 1174 812 1233 et
827 1169 995 1233 Neronem
1010 1171 1152 1235 insidiis.
1192 1172 1279 1251 Quis

179 1314 324 1364 immutoret.
361 1315 481 1364 Memoria
489 1315 608 1378 proditum
619 1321 653 1364 err
665 1315 762 1365 Grecos
773 1330 800 1363 err
817 1317 875 1364 ioca
895 1315 1001 1364 babuisse
1012 1315 1081 1376 olim,
1104 1319 1251 1382 Capreasque
1263 1338 1278 1371 u

181 1380 303 1429 d'lelebols
318 1393 441 1441 possenna
473 1378 522 1427 Sed
532 1383 581 1427 turn
599 1381 680 1428 Cesar
690 1380 810 1428 duodecim
826 1381 965 1440 prediorum
976 1381 1096 1441 coecbrrlo,
1106 1387 1131 1430 et
1140 1386 1218 1445 sputis
1228 1399 1278 1434 arrr-

175 1445 286 1507 plissinro
297 1448 419 1505 occuparat
425 1459 435 1499 ‚·
451 1448 475 1490 et
483 1448 569 1505 quanto
580 1446 636 1491 otini
647 1444 726 1491 uerius
736 1448 761 1492 in
773 1444 850 1491 niuniu
868 1443 962 1506 publicu
973 1444 1118 1506 incubuerat,
1130 1450 1196 1494 tento
1206 1462 1278 1497 secre-

179 1509 229 1556 tior
236 1509 262 1556 in
273 1507 389 1561 libidines,
406 1511 429 1554 et
437 1521 536 1569 prorum
546 1507 657 1556 inertiorn
667 1507 756 1569 effusus
766 1513 838 1569 utque·
845 1508 961 1556 emollitus
975 1514 1036 1558 erat.
1069 1510 1165 1558 Etenim
1174 1512 1278 1562 renuas

150 1582 153 1586 '
180 1573 255 1635 adbuc
271 1571 450 1637 diffidentioe,et
460 1571 541 1618 nimico
550 1572 697 1619 credulitatis
710 1572 816 1635 vinonio,
827 1587 897 1633 penne
915 1571 1015 1631 Sejanus
1030 1573 1150 1621 intendere
1167 1575 1239 1624 ertum
1249 1579 1279 1628 ia

179 1637 377 1695 ciuitutesolitus,
396 1650 457 1682 nunc
473 1634 598 1683 eubulius
617 1636 759 1691 exterrebat,
770 1651 817 1683 non
832 1637 932 1697 emplius
951 1637 1047 1684 seerms
1056 1637 1148 1684 ortibus
1167 1641 1278 1689 odcersus

179 1700 339 1767 ⁴Agrippinum
350 1704 375 1747 et
395 1698 521 1747 Neronem.
553 1698 644 1754 Quibus
657 1700 759 1766 oppositi
769 1701 955 1762 cenedensium
971 1702 997 1748 in
1007 1702 1181 1750 commentarios
1190 1703 1278 1762 refere-

639 1823 667 1841 ΙΙ
670 1822 769 1842 §oecon
772 1823 815 1840 Ἠ

178 1898 185 1971 J
212 1905 461 1957 IAote'Tlreleboir:
488 1906 562 1955 male.
597 1905 685 1955 Grreci
699 1904 814 1954 ,enimet
836 1905 921 1955 Latini
932 1904 1022 1970 reliqui
1039 1905 1156 1957 scribunt
1179 1907 1276 1974 ubsque

179 1972 348 2036 aspiratione.
381 1971 543 2035 llyrium—2
555 1969 782 2033 Aequieveranrns,
794 1984 851 2017 cunr
864 1970 996 2019 Gronorio
1005 1977 1032 2018 et
1046 1969 1165 2034 Ernesto,
1176 1972 1202 2020 in
1213 1988 1276 2023 voce

178 2035 321 2095 nominibus,
331 2042 361 2085 nt
372 2041 458 2085 essem
469 2035 536 2084 ville
548 2035 663 2085 celebres
674 2034 789 2096 pristinis
798 2033 987 2095 possessoribus
997 2035 1038 2082 vel
1049 2035 1191 2084 nominibus
1203 2037 1275 2087 Deo·

178 2115 247 2149 rum.
279 2101 371 2164 Neque
380 2106 467 2148 tamen
476 2097 585 2148 absurde
596 2097 725 2159 Bipuntini
737 2111 862 2159 reponere
871 2104 972 2147 tentant
980 2098 1103 2148 montibus.
1111 2100 1144 2148 Β.
1152 2100 1183 2148 C.
1196 2112 1226 2150 ιι.
1236 2115 1276 2152 vr.

177 2168 221 2223 bb.
254 2163 410 2214 Erotion-b
427 2163 470 2211 Ita
481 2163 577 2225 optime
588 2161 735 2209 emendavit
745 2160 772 2210 J.
784 2160 828 2209 Fr.
840 2161 992 2211 Gronovius.
1010 2163 1151 2225 Perpenno
1167 2163 1276 2214 inlibris

178 2227 265 2288 editis,
276 2232 343 2277 tanto
352 2227 463 2276 oendtior
472 2228 498 2276 in
509 2227 592 2284 luxua,
599 2229 622 2274 et
632 2225 720 2273 rnulurn
731 2224 806 2272 otium
826 2226 949 2274 resolutus.
982 2225 1075 2273 Posset
1086 2225 1154 2275 forte
1173 2229 1275 2290 conjici,

177 2296 246 2362 tusto
254 2292 365 2405 zeenbin
372 2292 491 2404 barem
501 2295 525 2339 et
533 2291 562 2343 in.
570 2290 659 2345 nulum
666 2289 740 2341 odunt
750 2288 874 2339 resolutus.
906 2288 945 2338 At
955 2289 1042 2353 potior
1052 2295 1093 2341 est
1110 2291 1275 2343 Gronovinua

179 2357 338 2406 catenatio.
416 2370 447 2405 m.
1268 2369 1274 2378 ·

672 2449 783 2500 NOTAE

107 2548 111 2553 ’
170 2540 259 2598 ‘'l'erra
276 2548 487 2616 Laboris,prope
511 2544 649 2608 Neapolim
665 2559 707 2593 ur·
745 2544 896 2595 immensum
906 2542 1021 2593 denotat.
1037 2543 1079 2592 sic
1089 2543 1108 2592 l.
1120 2557 1163 2594 nn
1173 2534 1214 2596 62,
1232 2547 1276 2598 ubl

177 2622 286 2686 henin
303 2638 382 2688 regno
396 2623 579 2687 Neapolitano.
614 2621 706 2670 Tillern.
745 2620 778 2669 de
797 2619 947 2669 civitatibus
971 2617 1102 2673 Asiaticis,
1119 2620 1201 2684 Asyla
1228 2638 1276 2673 sna

211 2707 224 2741 ἱ
235 2700 391 2763 Capreasque]
400 2698 478 2759 Emit,
488 2698 541 2753 sive
552 2697 709 2761 permutavit
745 2695 888 2756 tuentibus,
909 2695 917 2723 ‘
928 2695 1136 2745 memorabantur
1162 2697 1276 2762 Perper·

177 2789 224 2826 eus
236 2789 293 2824 curn
312 2790 370 2837 rep.
388 2773 561 2843 Neapolitana
577 2771 707 2836 1urp.An·
745 2786 796 2833 nae,
805 2770 1064 2835 Isauricl,multsqne
1075 2771 1124 2820 alia
1135 2772 1276 2837 imperato·

69 2858 72 2861 “
176 2849 487 2914 buatuutraditisearom
507 2847 565 2898 vice
585 2847 706 2897 Pithecu·
746 2863 803 2897 rum
819 2845 1162 2910 nomiuaz’nbirbsorninc,
1182 2848 1275 2915 idest,

175 2925 224 2986 bis,
234 2927 296 2986 sive,
305 2925 485 2974 ut·Suetonins
496 2923 619 2988 appellat,
630 2922 706 2971 AEua-
740 2923 851 2974 maximi
879 2922 1060 2986 clarissimique
1094 2923 1274 2987 imperatores.

175 3002 227 3060 bia,
245 2999 312 3063 ling.
331 3000 356 3049 e'.
373 3003 414 3051 92.
445 2999 529 3050 Notat
545 2998 597 3050 Dio
616 3009 664 3049 nn.
679 2996 705 3046 iu
745 3001 790 3053 Sic
801 3006 829 3049 et
848 2998 905 3049 eod.
917 3000 935 3048 l.
945 3011 993 3059 111,
1012 2997 1057 3046 ubi
1075 2997 1107 3046 de
1127 2997 1275 3051 funerelrr·

175 3083 304 3137 extremo,
313 3081 340 3124 et
351 3076 420 3124 clare
429 3074 523 3125 Strabo
534 3073 553 3124 1.
565 3086 592 3124 a.
745 3077 806 3139 aire,
816 3090 874 3140 que
896 3073 1068 3124 Cassii-uror:
1094 3073 1211 3136 ‘Viginti
1222 3076 1274 3124 eie·

175 3158 180 3165 ’
208 3150 465 3215 Abhaceensaergo
473 3149 706 3213 Capreoeincensu
745 3153 903 3202 cissimsmm
926 3148 1079 3199 familiarum
1098 3148 1221 3213 imagines
1230 3165 1274 3200 an·

173 3224 327 3275 ’(’ωαιιιιιιι
345 3240 420 3290 quum
436 3225 557 3275 Tiberius
568 3223 704 3275 duodecim
744 3229 833 3279 teletae
848 3233 917 3288 aunt,
926 3225 1029 3288 Manlii,
1048 3224 1273 3291 erroneamque

173 3299 294 3350 villarum
302 3301 443 3351 nominibus
451 3300 554 3362 insedit,
563 3301 601 3349 ait
609 3306 704 3349 noster.
744 3305 861 3370 eJ'nsdem
871 3303 1013 3354 nobilitatis
1025 3304 1127 3353 nomina
1135 3304 1159 3353 :⁹¹
1169 3305 1213 3354 nbi
1224 3321 1272 3370 per

176 3378 213 3428 Iis
224 3376 293 3429 villis
303 3379 405 3429 nomina
416 3371 495 3429 fnisse
505 3393 598 3429 censeo
608 3377 707 3427 doode·
743 3382 838 3431 nornine
854 3380 1034 3443 intelliguntur
1052 3379 1217 3429 nobilissime
1236 3379 1274 3430 fa·

175 3455 228 3505 cirn
236 3456 353 3506 Deorum
363 3470 395 3505 ex
403 3455 536 3518 Suetonio,
546 3455 589 3520 qni
597 3453 705 3517 Capreis
743 3456 822 3505 miliae
833 3456 1014 3504 Romanorum.
1029 3454 1073 3504 Sic
1083 3455 1184 3520 equites
1195 3456 1272 3507 Rom.

175 3531 292 3594 assignat
308 3530 424 3578 ‘Villam
441 3530 484 3578 cui
503 3543 594 3580 nomeu
615 3527 705 3590 Jovis,’
743 3538 821 3581 vocat
836 3529 1124 3595 ‘praevniidanomina,’
1141 3531 1275 3595 intelligit·

175 3609 253 3655 αδδ.
286 3605 381 3655 Sedet
400 3600 501 3655 Pharus
521 3606 547 3655 in
566 3605 705 3667 eainsula,
743 3622 803 3674 qne»
820 3605 1037 3670 splendidissimos
1065 3611 1094 3655 et
1114 3605 1275 3669 opulentissi-

175 3681 234 3730 asni
252 3681 346 3731 nautis.
385 3680 469 3744 Idem,
491 3681 605 3731 “Turris
622 3680 704 3731 Phari
743 3699 799 3733 mos
810 3683 910 3748 equites
927 3682 1002 3731 Rom.
1029 3680 1099 3730 Hinc
1119 3680 1193 3730 addit
1210 3680 1272 3733 T'ac.

175 3765 254 3807 terrse
265 3765 335 3806 motu
353 3757 460 3820 Capreis
480 3755 616 3806 concidit?
633 3754 704 3820 quod
743 3757 907 3810 ‘nominibus
923 3763 951 3806 et
969 3755 1097 3805 molibus?
1128 3755 1274 3807 Deduode·

175 3833 249 3906 ponit
259 3834 328 3882 inter
337 3822 422 3883 omina
432 3832 578 3882 ‘liberiana
589 3831 687 3882 mortis.
744 3834 795 3883 cim
804 3832 864 3883 Diis
874 3845 970 3880 merum
982 3834 1153 3880 commentum
1165 3836 1215 3881 eat.
1226 3841 1228 3845 ’

175 3918 178 3927 ¹
206 3908 363 3960 roronem
373 3896 480 3961 numia
490 3906 633 3970 smirne]
650 3908 704 3956 Per
747 3906 921 3967 unverre
941 3904 1050 3966 nouo]
1086 3903 1126 3952 nr
1147 3905 1191 3969 qur
1214 3905 1272 3968 jam

173 3985 269 4042 nnnino
278 3986 396 4037 villarum
410 3985 515 4039 Tacitus
525 3982 704 4047 inteiligitim·
743 3984 896 4049 Agrippinae
907 3987 935 4032 et
945 3981 1043 4030 Neroni
1054 3977 1174 4028 custodes
1193 3994 1273 4044 appo·

173 4076 265 4112 mensu
289 4060 436 4123 latifundia,
464 4076 522 4124 quoe
543 4059 604 4109 alibi
627 4064 704 4107 uocat
743 4061 855 4116 ruisset;
871 4058 914 4122 qui
925 4056 1010 4105 omnia
1025 4054 1126 4104 illorum
1136 4053 1208 4105 dicta
1218 4055 1272 4106 fao·

173 4138 313 4189 ‘villorum
332 4137 434 4187 infinita
454 4137 537 4201 spatia
545 4136 561 4184 :'
578 4126 662 4183 utitur
672 4148 704 4181 ea
744 4140 820 4198 taque
832 4132 998 4181 observarent
1013 4128 1113 4193 sibique
1125 4128 1271 4194 reserrent3

172 4220 238 4269 'voce
251 4218 356 4283 mmm,
375 4213 475 4282 quoties
486 4213 582 4277 grande
603 4210 705 4279 quidet
743 4211 788 4275 qni
799 4210 855 4273 jam
866 4213 894 4257 et
906 4207 999 4272 vpalam
1019 4211 1047 4255 et
1058 4204 1160 4269 publice
1177 4209 1271 4260 amieos
