3075 4917
282 344 351 414 w}
634 357 672 408 0.
692 355 877 407 oonussnll
894 356 1030 406 *raom
1228 362 1385 429 [Affirm-

280 503 404 587 effigias
417 500 614 588 Agrippinm
637 507 679 567 tc
694 499 843 567 Neronis
855 519 984 583 garoue,
1009 499 1228 596 circumsistit
1239 502 1381 582 curiam,

279 607 457 688 festisqua¹
472 607 504 669 in
519 601 688 668 Cesum
701 602 880 680 ominibus,
897 602 1019 666 ‘falsas
1033 601 1157 680 literas,
1171 607 1207 668 ot
1220 601 1382 687 Principe

279 708 384 773 invito
412 707 549 770 exitium
579 705 691 769 domui
719 704 794 788 ejus
832 702 979 782 intendi,'
1016 703 1183 770 clamitat:
1226 706 1274 775 ita
1300 704 1388 771 nihil·

281 903 423 966 Agrippina
433 907 457 951 st
468 902 579 967 Neronis,
589 903 739 953 rirmmaidet
748 901 1003 980 mamsmstiaour
1012 899 1382 1014 iapnmrpemaooibasmlamot

280 967 355 1017 fictas
364 966 487 1031 epistolas
497 980 570 1027 csse;
586 981 635 1017 nec
646 975 740 1031 sponte
753 968 874 1026 Caesaris,
891 980 1032 1031 perniciem
1095 966 1146 1014 slim
1158 979 1215 1028 eJus
1223 978 1381 1027 comparari:

742 1111 845 1130 ‘oenoe
848 1110 921 1131 NON

279 1222 343 1258 varo
353 1207 434 1257 editio
445 1206 576 1270 princeps,
585 1206 755 1269 dimersum
765 1204 874 1255 uarro
888 1206 1010 1256 summis
1018 1220 1109 1256 samma
1121 1206 1182 1256 serti
1197 1220 1265 1269 porse
1281 1208 1382 1270 mosto-

295 1287 324 1321 se
333 1271 483 1321 Germanicis
495 1270 586 1321 Titiam
595 1271 740 1333 punitentia
755 1269 951 1319 seris...Simot
964 1271 1126 1345 populis,&c.
1159 1270 1202 1319 Ita
1213 1285 1315 1335 quoqne
1327 1271 1379 1321 Ma.

279 1286 349 1385 flor.
367 1335 448 1384 sedin
461 1334 611 1384 Germanicis
622 1342 650 1384 et
662 1335 754 1384 ‘littura
774 1332 799 1381 G
812 1339 839 1382 et
851 1333 933 1384 Tuon
953 1335 1112 1399 majuscula,
1120 1339 1149 1385 at
1159 1349 1305 1384 communes
1321 1340 1382 1386 sunt

278 1399 372 1451 literae.
407 1399 505 1449 Malum
518 1400 613 1449 celavit
625 1399 720 1462 potius,
736 1413 813 1462 quam
826 1399 927 1448 sanavit
938 1399 1084 1461 Rhenanus,
1095 1414 1153 1448 cum
1164 1399 1289 1462 correxit,
1295 1397 1381 1458 ‚breri-

279 1464 323 1513 trus
333 1465 456 1512 oramentis
465 1479 555 1512 ramma
564 1463 626 1511 uerti
638 1478 713 1526 posse,
728 1464 874 1524 muriamque
883 1463 1038 1512 interstitium
1047 1463 1192 1538 punitentia
1201 1463 1271 1512 seam·
1303 1461 1382 1512 Simat

275 1528 383 1592 papalum
393 1530 444 1577 tro.
477 1528 593 1577 Plurima
604 1527 682 1576 etiam
694 1533 796 1587 peccat,
806 1533 859 1574 tum
870 1526 949 1590 quod,
959 1528 1117 1577 tonsorum
1126 1541 1178 1576 ror
1188 1527 1223 1577 sit
1235 1527 1380 1577 Macrobia·

254 1591 258 1598 '
278 1607 320 1654 ua,
339 1591 484 1642 Corneliani
496 1591 545 1640 mvi
564 1591 668 1640 auribus
687 1590 810 1651 insolens,
826 1590 854 1637 iu
865 1605 959 1639 norum
976 1591 1061 1641 adhuc
1072 1605 1174 1640 sensum
1191 1591 1309 1651 detorta;
1325 1597 1380 1640 tum

278 1655 347 1720 quod
358 1661 482 1717 mutetur,
492 1656 637 1718 pomoque,
654 1655 790 1703 omittatur
801 1653 961 1716 Germanicis,
979 1655 1072 1705 lacuna
1088 1656 1205 1704 sileatur.
1238 1654 1305 1704 Inde
1316 1668 1380 1704 sane

278 1720 371 1783 optimi
382 1720 494 1768 editores
507 1718 633 1782 Ryckins,
642 1718 701 1769 Jac.
713 1718 860 1768 Gronovius
871 1726 899 1766 et
911 1719 1045 1779 Ernestus,
1063 1734 1120 1768 cnm
1138 1720 1195 1767 lraec
1206 1718 1318 1780 probare
1329 1733 1381 1768 non

278 1790 393 1847 possent,
403 1798 452 1832 nec
462 1784 570 1832 meliora
579 1782 708 1841 viderent,
719 1783 832 1830 maluere
843 1781 958 1832 mutilam
970 1788 998 1831 at
1014 1783 1126 1833 hiulcam
1136 1784 1190 1832 Ma.
1202 1782 1271 1831 Flor.
1283 1782 1379 1832 codicia

277 1848 431 1910 scripturam
441 1848 563 1897 retinere.
595 1846 718 1894 Tentavit
732 1851 819 1894 tamen
830 1847 965 1908 Ernestus,
984 1846 1031 1896 sed
1042 1848 1146 1896 omnino
1157 1845 1309 1907 infeliciter,
1319 1847 1380 1896 daa-

277 1911 410 1974 slamoueia
421 1910 571 1960 Gersmsicts
580 1911 683 1972 matium
698 1910 842 1971 penitentia
851 1910 921 1960 aesia
954 1911 1020 1962 Quis
1029 1909 1099 1961 ferat
1109 1924 1231 1975 anquam,
1240 1912 1267 1960 ia
1279 1911 1379 1960 Gerus·

276 1974 357 2024 root
390 1976 448 2024 Nec
462 1974 562 2023 felicior
581 1973 712 2035 Heinsius,
728 1974 969 2036 tantamqastomai
981 1974 1118 2024 Gmirr'
1133 1974 1289 2024 interstitium
1305 1976 1378 2037 μαί-

275 2040 358 2087 teatio
367 2039 456 2087 seruitia.
490 2038 572 2087 Miror
583 2040 630 2087 noc
650 2038 778 2101 placuisse
790 2038 904 2098 Granio,
923 2039 977 2102 qui,
995 2046 1097 2089 mutato
1107 2038 1196 2102 mitis,
1211 2040 1274 2088 arsis
1285 2039 1379 2089 retine·

276 2101 331 2151 bat.
374 2103 445 2152 ‘Post
467 2101 555 2151 irritos
576 2107 617 2151 tot
638 2102 797 2151 eruditorum
818 2102 931 2150 virorum
953 2110 1062 2152 conatus
1083 2111 1199 2152 veterem
1221 2103 1378 2166 scriptorem

276 2166 412 2216 meditanti
423 2166 485 2215 milti
497 2167 552 2215 hauc
563 2180 615 2215 non
626 2167 704 2232 modo
713 2167 810 2229 potior,
828 2166 873 2214 sed
885 2166 965 2215 etiam
979 2168 1123 2216 certissima
1132 2167 1189 2216 risa
1202 2173 1243 2218 est
1259 2167 1378 2216 emanda-

276 2229 329 2279 uo:
352 2230 523 2293 timebatque
542 2230 649 2281 brevitas
664 2230 788 2279 momentis
806 2244 896 2279 ummo
914 2230 976 2280 uerti
993 2246 1069 2294 possa,
1085 2233 1221 2294 pandorus
1239 2232 1378 2281 Germanici

277 2295 383 2370 stirpem,
398 2294 438 2343 ou
448 2297 551 2357 spatium
560 2294 705 2356 punientia
715 2293 786 2356 serris,
796 2308 926 2353 resurgere.
959 2294 991 2343 ln
1003 2308 1034 2345 ea
1045 2296 1113 2344 enim
1130 2295 1268 2358 plurimum
1281 2295 1378 2345 veteris

277 2365 429 2421 scripturae3
445 2359 502 2420 ipsa
513 2365 554 2406 est
565 2358 652 2406 Taciti
670 2371 742 2406 mens
761 2372 792 2406 ac
808 2357 951 2407 Latinitas:
969 2359 1061 2408 lacuna
1071 2360 1202 2422 expletur.
1236 2360 1380 2423 Qanatoou

276 2421 318 2471 hic
329 2429 478 2484 usurpatur,
489 2429 606 2484 utsupra
622 2420 716 2471 Annal.
727 2435 748 2471 1.
758 2425 784 2470 4.
801 2422 808 2448 ‘
820 2420 970 2485 duobusque
985 2422 1091 2486 iusuper
1098 2422 1318 2484 adolescentibus,
1333 2422 1378 2489 qui

275 2486 460 2549 rempublicam
480 2486 583 2535 interim
605 2493 732 2548 premant,
751 2486 904 2549 quandoque
923 2486 1084 2536 distrahant!
1109 2487 1217 2537 Brotier.
1260 2486 1378 2537 Braritaa

275 2551 398 2599 momoria
414 2565 503 2598 samma
521 2551 584 2599 verti
599 2549 698 2612 possm*
713 2550 848 2612 quaudoque
865 2549 1013 2604 Germanicis
1034 2549 1124 2599 Titium
1141 2552 1287 2613 poeuiteata'oe
1303 2552 1378 2617 mir]

276 2614 364 2662 Retuli
380 2614 520 2663 lectionem
532 2614 668 2676 archetypi
685 2614 794 2674 codicis,
811 2612 888 2663 simul
898 2628 957 2662 cum
970 2614 1063 2663 lacuna
1079 2619 1159 2678 prout
1169 2629 1185 2663 a
1195 2615 1322 2664 Beroaldo
1332 2630 1378 2664 ex-

277 2691 366 2739 pressa
377 2683 433 2725 est:
452 2692 527 2741 qnam
545 2677 714 2740 interpolavit
731 2679 841 2740 primum
859 2677 999 2728 Rhenanus
1011 2677 1127 2728 edendo:
1144 2680 1291 2741 mariamque
1302 2679 1378 2729 ister·

273 2740 368 2797 stitiam
376 2740 522 2803 positeatioe
530 2741 606 2789 mais:
618 2740 779 2790 dissimulata
789 2742 895 2791 lacuna:
908 2742 976 2806 quod
987 2741 1153 2806 insequentes
1159 2741 1280 2792 Editorea
1290 2743 1377 2793 secuti

276 2808 344 2853 sunt.
376 2805 433 2866 Ego
444 2804 523 2852 satius
534 2803 597 2851 duxi
615 2804 741 2853 sinceram
753 2804 856 2854 Codicis
867 2804 958 2867 scripti
969 2806 1110 2856 lectionem
1121 2804 1245 2855 reducere
1259 2806 1377 2870 quamvis

276 2873 434 2930 corruptam,
453 2882 529 2942 quam
539 2867 716 2931 conjecturum
727 2867 934 2917 manifestissime
950 2866 1041 2919 falsam
1057 2884 1105 2933 pro
1116 2870 1202 2918 Taciti
1213 2869 1300 2919 verbis
1314 2885 1376 2919 ven-

276 2931 370 2981 ditare.
387 2931 552 2995 Kormasa-2
568 2932 663 2981 Mallet
680 2929 823 2994 Acidalius,
826 2931 978 2996 juratisque.
1013 2933 1086 2983 Nihil
1106 2939 1193 2983 tamen
1213 2935 1377 2987 mutaverim.

772 3100 877 3151 NOTAE

279 3216 284 3225 ’
307 3212 438 3262 Suadebat
449 3212 509 3273 iste,
526 3214 617 3262 saltem
637 3213 678 3261 vel
698 3213 806 3262 Germa-
846 3214 905 3264 Hoc
914 3215 1079 3276 Germanico,
1092 3216 1190 3280 optimo
1201 3214 1322 3281 principi,
1331 3215 1377 3265 de·

273 3288 389 3335 uicorum
400 3290 528 3337 memoria,
538 3302 638 3350 magna
650 3288 743 3353 (Drusi
754 3289 805 3350 avi,
845 3291 944 3351 bemus,
964 3299 993 3341 ut
1018 3294 1166 3358 priusquam
1186 3292 1299 3342 atrocius
1311 3292 1375 3356 qaid

272 3370 299 3410 et
311 3361 365 3424 lilii,
376 3364 419 3425 qul
431 3370 506 3426 pater
516 3371 560 3412 aut
574 3365 681 3413 maritus
691 3363 804 3428 horum),
844 3364 870 3413 in
887 3366 944 3429 ejus
962 3367 1097 3431 conjugem
1108 3366 1289 3431 Agrippinen,
1306 3368 1334 3416 iu
1344 3367 1375 3418 fi·

274 3438 496 3502 Germanicorum,
532 3438 646 3503 iuquam,
674 3441 803 3489 memorlae
844 3441 905 3490 lium
925 3443 1056 3492 Neronem
1076 3449 1227 3506 statuamus,
1245 3445 1376 3508 relinqua·

271 3514 321 3562 hoc
332 3514 500 3577 largiendum,
511 3521 540 3564 ut
551 3515 740 3577 spatiumesset
750 3530 805 3579 poe·
843 3531 900 3566 mus
910 3517 1078 3568 interstitium
1096 3521 1260 3583 penitentiae
1278 3520 1376 3571 morosi

271 3588 388 3638 uitentiae
404 3588 480 3638 senis.
842 3599 870 3642 et
881 3593 986 3642 nimium
998 3595 1142 3659 praecipitis
1151 3596 1328 3645 seuis'lilaerii.

302 3664 386 3714 Posse
418 3663 484 3712 euim
521 3663 594 3712 illum
633 3665 666 3714 ad
709 3664 803 3715 bonam
874 3669 978 3732 Lipslns
987 3669 1110 3733 malebat,
1124 3671 1282 3721 Germanicis.
1307 3672 1373 3721 Con·

271 3746 387 3790 mentem
408 3739 502 3801 redire,
522 3738 543 3787 si
564 3746 666 3801 tempus
689 3740 803 3789 medinm
841 3748 884 3792 tra
905 3743 990 3793 Taciti
1011 3758 1117 3794 morem.
1158 3746 1281 3795 Tiberim
1302 3744 1372 3796 Ana.

271 3823 351 3879 esset,
371 3830 418 3864 uec
424 3814 508 3879 jussio
519 3814 575 3878 ejus
587 3815 676 3864 statim
688 3821 803 3879 patrare·
842 3830 886 3866 ιιι.
896 3817 904 3845 ⁴
914 3816 946 3865 ltl
957 3819 1039 3867 solmn
1050 3818 1206 3868 Germanico
1215 3820 1372 3886 supralegaa

270 3901 321 3943 tur.
363 3893 427 3942 Saue
454 3892 551 3956 aliquid
579 3891 612 3940 de
637 3891 802 3943 Germanicia
842 3894 1047 3960 praestiterimus,
1063 3895 1131 3959 quosl
1147 3888 1259 3946 incuria
1276 3898 1371 3961 potios,

269 3966 334 4017 fuitz
351 3969 401 4018 etsi
420 3969 491 4018 locus
511 3966 619 4017 fortasse
630 3982 681 4018 non
699 3968 801 4032 plenas.
841 3983 918 4033 qaam
935 3969 961 4017 in
978 3968 1046 4033 foro,
1065 3970 1134 4034 apsd
1153 3978 1281 4035 senatum,
1296 3986 1370 4037 qnam

272 4042 407 4093 Itum.
840 4045 910 4108 apud
922 4045 1035 4108 jndices,
1051 4045 1085 4096 de
1095 4052 1180 4097 morte
1193 4047 1251 4112 ejus
1260 4044 1370 4114 anquiri·

273 4143 277 4150 ·
303 4117 413 4181 Scripsit
428 4118 555 4179 Tacltns;
571 4117 801 4182 mesoar-
839 4119 901 4171 mr?
919 4120 1040 4171 matam

271 4191 361 4241 muco
383 4192 540 4243 insessum
561 4190 708 4257 poesttsstfo
728 4194 798 4246 arsia,
1132 4207 1135 4211 “
