3075 4917
282 368 355 449 m
642 387 678 435 u.
703 381 885 434 coenatu
905 381 1037 436 urerer
1225 372 1388 455 [arurae.
1412 361 1415 364 ¹

287 530 368 608 line,
405 530 646 595 cunctationem
677 536 711 596 et
738 549 850 595 moras
877 531 1092 596 suadentibus
1118 513 1248 611 amicis,
1279 529 1390 597 ‘Non

288 632 408 702 eadem
422 631 573 695 omnibns
587 630 730 708 decora,’
755 632 943 715 respondit:
967 633 1056 697 ‘sibi
1075 634 1162 698 satis
1175 635 1307 700 aetafis:
1329 653 1391 698 neq

289 753 354 820 que
375 732 466 797 alind
485 732 724 814 poenitendum,
749 746 851 814 quam
873 733 962 816 quod
982 735 1067 800 inter
1081 735 1233 828 indibria
1246 740 1280 800 et
1302 737 1391 819 perti·

282 834 377 904 cula¹
402 835 538 900 anxiam
553 838 718 897 senectam
733 833 951 912 toleravisset,
974 835 1034 899 diu
1050 835 1182 919 Sejano,
1206 856 1291 901 nunc
1312 836 1391 902 Ma·

289 935 392 1013 utoni,
415 954 546 1017 semper
560 934 661 999 alicui
683 934 866 1017 potentium
886 936 1036 1018 invisus3
1058 956 1125 1001 non
1140 938 1249 1021 culpa,
1271 938 1331 1004 sed
1353 943 1391 1003 nt

288 1036 485 1119 flagitiorum
507 1036 693 1118 impatiens.
738 1034 827 1100 Sane
845 1054 975 1117 paucos
989 1044 1023 1100 et
1036 1058 1208 1122 supremos
1224 1038 1391 1122 Principis

290 1138 363 1203 dies
398 1157 500 1222 posse
528 1139 643 1202 vitari:
681 1135 957 1220 quemadmodum
985 1158 1162 1203 evasurum
1188 1140 1390 1205 imminentis

284 1241 482 1325 juventaml
526 1238 691 1316 An,·eum
711 1238 875 1316 Tiberius,
900 1225 978 1321 post
1003 1245 1127 1304 tautam
1150 1261 1257 1304 rerum
1284 1260 1392 1323 expe-

290 1341 455 1419 rientiam,
478 1342 513 1405 vi
528 1341 761 1406 dominationis
775 1341 951 1403 convulsus
965 1348 999 1405 et
1020 1348 1162 1405 mutatus
1177 1344 1230 1420 sit,
1257 1341 1298 1406 C.
1314 1341 1393 1407 Cae.-

291 1464 410 1522 sarem,
436 1445 495 1528 uix
517 1443 611 1507 finita
627 1444 781 1526 pueritia,
806 1443 955 1524 ignarum
972 1445 1129 1521 omnium,
1155 1451 1212 1509 aut
1235 1446 1394 1527 pessimis

289 1528 495 1624 innutritum,
517 1545 654 1630 meliora
674 1546 929 1628 capessiturum,
953 1545 1113 1612 Macrone
1129 1546 1235 1610 ducet
1258 1547 1329 1630 qui,
1353 1554 1393 1614 ut

282 1646 438 1726 deterior,
454 1647 498 1712 ad
512 1646 762 1730 opprimendum
778 1647 937 1729 Sejanum
953 1647 1109 1725 delectus,
1132 1649 1232 1730 plura
1245 1668 1305 1730 per
1318 1668 1393 1712 sce·

288 1748 359 1816 lera
373 1747 494 1831 Remp.
511 1747 785 1813 conflictavisse:
807 1755 1018 1831 prospectare
1038 1748 1112 1830 jam
1136 1769 1173 1812 se
1199 1750 1310 1812 acrius
1325 1769 1395 1814 ser·

289 1850 419 1926 vitium,
434 1870 539 1936 eoque
552 1849 665 1931 ingere
680 1850 780 1913 simul
795 1848 884 1913 actuj
894 1855 926 1913 et
939 1849 1115 1914 instantia?
1161 1850 1249 1913 Haec
1263 1851 1350 1913 vatis
1361 1852 1396 1917 in'

291 1950 427 2020 modum
457 1951 627 2030 dictitans,
647 1970 749 2018 venas
778 1953 924 2021 resolvit.
983 1952 1194 2017 Documento
1222 1952 1397 2035 sequeutia

289 2045 394 2128 erunt,
417 2051 500 2115 bene
514 2049 707 2116 Arruntium
722 2059 825 2116 morte
840 2073 949 2118 usum.
985 2052 1165 2117 Albucilla
1177 2054 1268 2117 irrito
1289 2055 1359 2117 ictu
1373 2071 1396 2118 a

292 2158 396 2218 semet
409 2152 590 2229 vulnerata,
614 2153 718 2236 jussu
744 2153 890 2216 Senatus
914 2155 952 2239 iu⁶
968 2173 1134 2217 carcerem
1157 2153 1271 2219 fertru.
1316 2152 1396 2217 Stu-

290 2272 424 2336 prorum
447 2254 518 2339 ejus
542 2250 708 2332 ministris
724 2258 734 2288 ‘
749 2251 941 2334 Carsidius²
965 2250 1149 2340 Sacerdps,¹
1173 2254 1395 2349 Praetorius,¹1¹

291 2407 345 2444 non
360 2394 449 2444 eadem
462 2393 578 2444 omuibus
589 2394 711 2443 honesta:
730 2408 759 2442 se
772 2394 833 2443 satis
850 2394 961 2455 vixisse,
980 2409 1063 2459 aequa
1075 2395 1145 2445 allud
1157 2394 1332 2444 excusandum
1346 2393 1395 2445 sibi

292 2458 395 2518 inrita,
411 2472 488 2523 quam
507 2458 576 2522 qnod
602 2459 671 2506 iuter
690 2459 857 2507 contumelias
874 2466 903 2507 et
919 2460 1068 2508 dimnmiua
1086 2457 1213 2509 solicitam
1232 2466 1397 2509 senectutem

293 2523 424 2586 traxisset,
443 2522 487 2572 diu
498 2522 605 2571 infestus
623 2522 726 2584 Sejano,
743 2537 811 2574 uano
828 2524 956 2584 Macroni,
974 2524 1167 2586 temperationi
1186 2524 1397 2585 praepollentium

292 2585 417 2648 infensus,
436 2601 487 2635 nou
507 2586 612 2636 crimine
630 2600 681 2647 sno,
697 2586 743 2638 sed
763 2593 792 2638 ut
810 2587 930 2636 vitiorum
948 2602 979 2636 ac
996 2588 1123 2639 scelerum
1135 2588 1282 2638 intolerans.
1315 2588 1397 2638 Certe

292 2648 1399 2766 tttttttt‘tutlittltlttttlttttentttttltt‘t‘t‘tt

292 2730 378 2841 tufus,
396 2729 505 2826 licentia
516 2731 772 2839 imgerii'labefaetus
783 2785 811 2827 et
822 2786 959 2841 corruptus
969 2779 1018 2839 sit3
1036 2780 1066 2830 C.
1079 2751 1224 2840 l'iaesarem,
1237 2780 1281 2828 vix
1301 2731 1398 2842 puger·

287 2848 376 2892 tatem
387 2848 466 2905 atque
478 2840 679 2889 adolescentiam
690 2842 843 2904 ingressura,
859 2858 944 2892 rerum
954 2843 1068 2892 omnium
1079 2845 1179 2905 rudem,
1193 2848 1239 2892 aut
1249 2844 1398 2893 deterrimis

294 2904 421 2968 imbutum
432 2919 449 2956 a
460 2904 567 2965 teneris,
578 2905 695 2955 meliores
713 2914 783 2956 artes
797 2908 973 2969 amplexurum
985 2920 1050 2969 esse,
1066 2915 1172 2957 auctore
1184 2908 1328 2956 Macrone?
1345 2908 1399 2973 qui,

293 2975 324 3022 ut
340 2969 415 3033 pejor
434 2969 467 3034 ad
486 2968 685 3026 subvertendum
704 2970 827 3033 Sejanum
845 2972 951 3033 ascitus,
968 2972 1066 3035 majora
1085 2986 1134 3034 per
1152 2970 1251 3033 flagitia
1268 2971 1399 3035 Rempult.

293 3027 481 3084 divexavisset:
498 3032 635 3095 providere
648 3047 675 3081 se
690 3033 745 3094 jam
760 3035 914 3097 atrociorem
934 3036 1127 3098 gravioremque
1146 3037 1308 3089 seruitutem:
1326 3036 1398 3085 ideo·

198 3167 200 3172 Ι
292 3112 385 3215 me
397 3097 480 3146 vitare
492 3098 577 3172 simul,
589 3103 617 3145 et
633 3098 778 3173 praeterita,
790 3107 817 3147 et
828 3099 1012 3162 impendentia.
1033 3100 1108 3174 'Hoec
1118 3098 1197 3174 diuini
1204 3102 1236 3148 od
1250 3100 1329 3148 inum
1336 3115 1399 3165 praee

292 3160 1399 3291 t..„twttttttl‘ttttinettttttttttttttttttrt

288 3289 358 3348 jussu
371 3290 471 3338 Petrum
482 3290 634 3340 incuterem
648 3290 750 3351 rapite.
781 3292 960 3344 Adulterimm
970 3292 1019 3353 eins
1029 3293 1191 3340 countiatores
1201 3292 1278 3341 etiam
1290 3293 1400 3355 punina·

294 3358 351 3420 tur:
367 3354 490 3417 statuitur,
500 3360 530 3408 ut
540 3352 675 3412 Grasidint
685 3353 812 3409 Sacerdos
832 3355 972 3418 pretorius
983 3356 1010 3412 in
1021 3356 1128 3411 insulam
1139 3363 1312 3421 amoveretur,
1330 3357 1400 3414 Pone

753 3475 925 3522 “nowen

328 3582 342 3630 l
361 3579 490 3643 corrupte
500 3578 553 3628 Ms.
564 3578 632 3626 Flet.
642 3578 793 3641 pertentatis,
803 3579 896 3636 ultima
907 3581 1005 3645 syllaba
1016 3595 1049 3630 ex
1057 3596 1122 3631 voce
1130 3582 1263 3645 superiore
1274 3582 1399 3646 repetita,
1451 3615 1453 3618 ·

294 3649 327 3694 ut
339 3650 410 3693 reete
423 3643 521 3693 monuit
532 3644 666 3691 Ernestus.
700 3642 758 3692 Nec
772 3643 923 3693 tentandum
936 3660 993 3694 cum
1006 3646 1104 3709 lipsio,
1117 3647 1222 3709 portata
1237 3647 1322 3703 varim
1341 3661 1400 3696 cum
1462 3644 1464 3648 ’

295 3708 437 3771 Gronovio,
445 3708 552 3772 pericula
562 3711 606 3755 tot.
624 3706 787 3756 Brotier.-2
804 3707 836 3756 In
847 3710 960 3774 vulgatis
971 3709 1053 3774 libris,
1065 3709 1200 3760 Gorsidias.
1227 3711 1301 3760 Bene
1313 3724 1400 3784 emen,

792 3819 900 3871 NOTAE

293 3917 422 3982 presagio
441 3914 491 3964 fuit
513 3916 600 3982 etiam
614 3913 725 3964 Domitii
745 3914 827 3977 patris
898 3913 997 3980 lActo]
1014 3916 1093 3978 Acta,
1109 3931 1156 3966 seu
1168 3915 1313 3980 praeterita,
1329 3917 1399 3976 etde

293 4006 353 4055 vox,
374 3992 442 4041 inter
465 3992 652 4055 gratulationes
679 3991 829 4054 amicorum,
868 3994 921 4041 mul
933 4008 990 4058 quae
1001 3993 1164 4056 imminerent
1173 3991 1221 4041 sab
1230 3992 1304 4058 Caio,
1320 3992 1400 4056 fugis-⁴

294 4069 423 4136 negantis,
441 4070 578 4132 quicquam
597 4082 630 4117 ex
641 4082 669 4116 se
686 4074 715 4117 et
733 4067 827 4131 Agrip·
868 4068 922 4118 bat.

295 4142 365 4206 pina,
375 4144 424 4191 alsi
435 4142 592 4193 detestabile
604 4150 632 4193 et
642 4145 711 4192 malo
722 4143 827 4214 publico
876 4177 878 4184 ι
899 4142 913 4180 ¹¹
928 4144 1068 4207 Stuprorum
1077 4143 1127 4205 ejus
1135 4144 1251 4209 meister]
1267 4143 1321 4196 Qui
1331 4154 1400 4210 nens·

295 4217 520 4304 ustiputuipress‘
556 4235 562 4244 =
614 4241 617 4244 ·
724 4217 726 4221 ’
826 4227 830 4243 ¹
868 4234 902 4288 pe
912 4219 993 4271 veluti
1008 4219 1164 4271 lenocinium
1175 4218 1305 4284 lecerunt,
1315 4220 1359 4292 qui
1374 4233 1400 4272 a·
