<?xml version="1.0" encoding="UTF-8"?>
<!DOCTYPE html PUBLIC "-//W3C//DTD XHTML 1.0 Transitional//EN"
    "http://www.w3.org/TR/xhtml1/DTD/xhtml1-transitional.dtd">
<html xmlns="http://www.w3.org/1999/xhtml" xml:lang="en" lang="en">
 <head>
  <title>
</title>
<meta http-equiv="Content-Type" content="text/html;charset=utf-8" />
  <meta name='ocr-system' content='tesseract 3.04.00' />
  <meta name='ocr-capabilities' content='ocr_page ocr_carea ocr_par ocr_line ocrx_word'/>
</head>
<body>
  <div class='ocr_page' id='page_1' title='image "./operaomnia03tacigoog_0249.png"; bbox 0 0 3075 4917; ppageno 0'>
   <div class='ocr_carea' id='block_1_1' title="bbox 196 380 1300 457">
    <p class='ocr_par' dir='ltr' id='par_1_1' title="bbox 196 380 1300 457">
     <span class='ocr_line' id='line_1_1' title="bbox 196 380 1300 457; baseline -0.012 -9"><span class='ocrx_word' id='word_1_1' title='bbox 196 397 224 448; x_wconf 79' lang='lat' dir='ltr'><strong>J.</strong></span> <span class='ocrx_word' id='word_1_2' title='bbox 238 394 359 457; x_wconf 79' lang='lat' dir='ltr'><strong>c.ar.].</strong></span> <span class='ocrx_word' id='word_1_3' title='bbox 574 387 780 439; x_wconf 79' lang='lat' dir='ltr'><strong>suusnruu</strong></span> <span class='ocrx_word' id='word_1_4' title='bbox 806 391 880 441; x_wconf 73' lang='lat' dir='ltr'><strong>urs.</strong></span> <span class='ocrx_word' id='word_1_5' title='bbox 904 392 940 439; x_wconf 86' lang='lat' dir='ltr'><strong>v.</strong></span> <span class='ocrx_word' id='word_1_6' title='bbox 1233 380 1300 453; x_wconf 62' lang='lat'><strong>855</strong></span> 
     </span>
    </p>
   </div>
   <div class='ocr_carea' id='block_1_2' title="bbox 196 532 1396 629">
    <p class='ocr_par' dir='ltr' id='par_1_2' title="bbox 196 532 1396 629">
     <span class='ocr_line' id='line_1_2' title="bbox 196 532 1396 629; baseline 0.003 -29"><span class='ocrx_word' id='word_1_7' title='bbox 196 544 275 614; x_wconf 86' lang='lat' dir='ltr'><strong>tem,</strong></span> <span class='ocrx_word' id='word_1_8' title='bbox 289 555 355 600; x_wconf 89' lang='lat' dir='ltr'><strong>non</strong></span> <span class='ocrx_word' id='word_1_9' title='bbox 368 532 576 599; x_wconf 78' lang='lat' dir='ltr'><strong>clementium</strong></span> <span class='ocrx_word' id='word_1_10' title='bbox 591 533 790 617; x_wconf 86' lang='lat' dir='ltr'><strong>cujusquam</strong></span> <span class='ocrx_word' id='word_1_11' title='bbox 802 534 969 617; x_wconf 81' lang='lat' dir='ltr'><strong>experiar,</strong></span> <span class='ocrx_word' id='word_1_12' title='bbox 985 533 1045 601; x_wconf 84' lang='lat' dir='ltr'><strong>sed</strong></span> <span class='ocrx_word' id='word_1_13' title='bbox 1058 535 1153 614; x_wconf 88' lang='lat' dir='ltr'><strong>liber,</strong></span> <span class='ocrx_word' id='word_1_14' title='bbox 1168 541 1202 602; x_wconf 88' lang='lat' dir='ltr'><strong>et</strong></span> <span class='ocrx_word' id='word_1_15' title='bbox 1215 539 1296 609; x_wconf 83' lang='lat' dir='ltr'><strong>mihi</strong></span> <span class='ocrx_word' id='word_1_16' title='bbox 1393 623 1396 629; x_wconf 68' lang='lat'><strong>,</strong></span> 
     </span>
    </p>
   </div>
   <div class='ocr_carea' id='block_1_3' title="bbox 173 634 1298 1633">
    <p class='ocr_par' dir='ltr' id='par_1_3' title="bbox 194 634 1298 925">
     <span class='ocr_line' id='line_1_3' title="bbox 194 634 1298 721; baseline 0.001 -19"><span class='ocrx_word' id='word_1_17' title='bbox 194 638 263 721; x_wconf 87' lang='lat' dir='ltr'><strong>ipsi</strong></span> <span class='ocrx_word' id='word_1_18' title='bbox 281 637 453 721; x_wconf 84' lang='lat' dir='ltr'><strong>probatus,</strong></span> <span class='ocrx_word' id='word_1_19' title='bbox 468 634 597 699; x_wconf 85' lang='lat' dir='ltr'><strong>antibo²</strong></span> <span class='ocrx_word' id='word_1_20' title='bbox 611 636 804 718; x_wconf 91' lang='lat' dir='ltr'><strong>perieulum.</strong></span> <span class='ocrx_word' id='word_1_21' title='bbox 848 635 923 703; x_wconf 90' lang='lat' dir='ltr'><strong>Vos</strong></span> <span class='ocrx_word' id='word_1_22' title='bbox 938 637 1095 716; x_wconf 80' lang='lat' dir='ltr'><strong>obtestor,</strong></span> <span class='ocrx_word' id='word_1_23' title='bbox 1115 657 1157 702; x_wconf 90' lang='lat' dir='ltr'><strong>ne</strong></span> <span class='ocrx_word' id='word_1_24' title='bbox 1173 659 1298 706; x_wconf 70' lang='lat' dir='ltr'><strong>memo⁴</strong></span> 
     </span>
     <span class='ocr_line' id='line_1_4' title="bbox 194 738 1296 823; baseline 0.002 -20"><span class='ocrx_word' id='word_1_25' title='bbox 194 740 279 803; x_wconf 84' lang='lat' dir='ltr'><strong>riam</strong></span> <span class='ocrx_word' id='word_1_26' title='bbox 292 738 393 803; x_wconf 81' lang='lat' dir='ltr'>nostri</span> <span class='ocrx_word' id='word_1_27' title='bbox 407 750 669 820; x_wconf 72' lang='lat' dir='ltr'><strong>permeatorem,</strong></span> <span class='ocrx_word' id='word_1_28' title='bbox 678 757 778 821; x_wconf 83' lang='lat' dir='ltr'><strong>quum</strong></span> <span class='ocrx_word' id='word_1_29' title='bbox 793 738 887 818; x_wconf 67' lang='lat' dir='ltr'><strong>lmus</strong></span> <span class='ocrx_word' id='word_1_30' title='bbox 900 740 1093 817; x_wconf 84' lang='lat' dir='ltr'><strong>retineatis,³</strong></span> <span class='ocrx_word' id='word_1_31' title='bbox 1108 740 1296 823; x_wconf 78' lang='lat' dir='ltr'><strong>adjiciendo</strong></span> 
     </span>
     <span class='ocr_line' id='line_1_5' title="bbox 195 838 1231 925; baseline 0 -19"><span class='ocrx_word' id='word_1_32' title='bbox 195 861 248 906; x_wconf 89' lang='lat' dir='ltr'><strong>me</strong></span> <span class='ocrx_word' id='word_1_33' title='bbox 262 860 394 925; x_wconf 89' lang='lat' dir='ltr'><strong>quoque</strong></span> <span class='ocrx_word' id='word_1_34' title='bbox 407 841 464 916; x_wconf 89' lang='lat' dir='ltr'><strong>iis,</strong></span> <span class='ocrx_word' id='word_1_35' title='bbox 479 839 535 923; x_wconf 90' lang='lat' dir='ltr'><strong>qui</strong></span> <span class='ocrx_word' id='word_1_36' title='bbox 549 839 614 905; x_wconf 82' lang='lat' dir='ltr'><strong>line</strong></span> <span class='ocrx_word' id='word_1_37' title='bbox 628 841 758 923; x_wconf 75' lang='lat' dir='ltr'><strong>egregio</strong></span> <span class='ocrx_word' id='word_1_38' title='bbox 773 838 910 924; x_wconf 88' lang='lat' dir='ltr'><strong>publica</strong></span> <span class='ocrx_word' id='word_1_39' title='bbox 923 842 1014 907; x_wconf 86' lang='lat' dir='ltr'><strong>mala</strong></span> <span class='ocrx_word' id='word_1_40' title='bbox 1027 841 1231 922; x_wconf 61' lang='lat' dir='ltr'><strong>effugeumtss</strong></span> 
     </span>
    </p>

    <p class='ocr_par' dir='ltr' id='par_1_4' title="bbox 173 941 1296 1633">
     <span class='ocr_line' id='line_1_6' title="bbox 238 941 1295 1026; baseline 0.001 -19"><span class='ocrx_word' id='word_1_41' title='bbox 238 945 272 1008; x_wconf 80' lang='lat'><strong>7.</strong></span> <span class='ocrx_word' id='word_1_42' title='bbox 295 942 401 1019; x_wconf 87' lang='lat' dir='ltr'><strong>Tunc,</strong></span> <span class='ocrx_word' id='word_1_43' title='bbox 417 941 574 1022; x_wconf 84' lang='lat' dir='ltr'><strong>singulos,</strong></span> <span class='ocrx_word' id='word_1_44' title='bbox 586 947 624 1006; x_wconf 92' lang='lat' dir='ltr'><strong>ut</strong></span> <span class='ocrx_word' id='word_1_45' title='bbox 644 943 764 1024; x_wconf 88' lang='lat' dir='ltr'><strong>cuique</strong></span> <span class='ocrx_word' id='word_1_46' title='bbox 784 941 981 1019; x_wconf 80' lang='lat' dir='ltr'><strong>assistere,¹¹</strong></span> <span class='ocrx_word' id='word_1_47' title='bbox 1004 943 1141 1026; x_wconf 83' lang='lat' dir='ltr'><strong>alloqui,</strong></span> <span class='ocrx_word' id='word_1_48' title='bbox 1167 944 1295 1013; x_wconf 84' lang='lat' dir='ltr'><strong>animus</strong></span> 
     </span>
     <span class='ocr_line' id='line_1_7' title="bbox 173 1032 1296 1126; baseline 0.002 -17"><span class='ocrx_word' id='word_1_49' title='bbox 173 1032 277 1124; x_wconf 56' lang='lat' dir='ltr'><strong>&#39;eret</strong></span> <span class='ocrx_word' id='word_1_50' title='bbox 301 1044 445 1109; x_wconf 85' lang='lat' dir='ltr'><strong>retinens</strong></span> <span class='ocrx_word' id='word_1_51' title='bbox 466 1048 523 1107; x_wconf 83' lang='lat' dir='ltr'><strong>aut</strong></span> <span class='ocrx_word' id='word_1_52' title='bbox 547 1042 726 1120; x_wconf 88' lang='lat' dir='ltr'><strong>dimittens,</strong></span> <span class='ocrx_word' id='word_1_53' title='bbox 741 1048 872 1126; x_wconf 86' lang='lat' dir='ltr'><strong>partem</strong></span> <span class='ocrx_word' id='word_1_54' title='bbox 896 1044 962 1108; x_wconf 90' lang='lat' dir='ltr'><strong>diei</strong></span> <span class='ocrx_word' id='word_1_55' title='bbox 990 1045 1161 1120; x_wconf 82' lang='lat' dir='ltr'>absumsit,</span> <span class='ocrx_word' id='word_1_56' title='bbox 1176 1046 1296 1119; x_wconf 69' lang='lat' dir='ltr'><strong>multo,-</strong></span> 
     </span>
     <span class='ocr_line' id='line_1_8' title="bbox 195 1142 1295 1229; baseline 0.002 -20"><span class='ocrx_word' id='word_1_57' title='bbox 195 1165 258 1229; x_wconf 88' lang='lat' dir='ltr'><strong>que</strong></span> <span class='ocrx_word' id='word_1_58' title='bbox 273 1145 380 1209; x_wconf 86' lang='lat' dir='ltr'><strong>adbuc</strong></span> <span class='ocrx_word' id='word_1_59' title='bbox 395 1148 496 1220; x_wconf 86' lang='lat' dir='ltr'><strong>coetu,</strong></span> <span class='ocrx_word' id='word_1_60' title='bbox 511 1149 544 1206; x_wconf 90' lang='lat' dir='ltr'><strong>et</strong></span> <span class='ocrx_word' id='word_1_61' title='bbox 558 1143 686 1209; x_wconf 84' lang='lat' dir='ltr'><strong>eunetis</strong></span> <span class='ocrx_word' id='word_1_62' title='bbox 699 1142 899 1226; x_wconf 89' lang='lat' dir='ltr'><strong>intrepidum</strong></span> <span class='ocrx_word' id='word_1_63' title='bbox 915 1144 1041 1208; x_wconf 76' lang='lat' dir='ltr'><strong>uultum</strong></span> <span class='ocrx_word' id='word_1_64' title='bbox 1055 1145 1129 1226; x_wconf 88' lang='lat' dir='ltr'><strong>ejus</strong></span> <span class='ocrx_word' id='word_1_65' title='bbox 1142 1151 1295 1229; x_wconf 75' lang='lat' dir='ltr'><strong>spectau-</strong></span> 
     </span>
     <span class='ocr_line' id='line_1_9' title="bbox 193 1245 1295 1328; baseline 0.005 -18"><span class='ocrx_word' id='word_1_66' title='bbox 193 1247 294 1323; x_wconf 89' lang='lat' dir='ltr'><strong>tibus‚</strong></span> <span class='ocrx_word' id='word_1_67' title='bbox 317 1262 580 1327; x_wconf 84' lang='lat' dir='ltr'><strong>cumsuperesse</strong></span> <span class='ocrx_word' id='word_1_68' title='bbox 604 1249 733 1327; x_wconf 85' lang='lat' dir='ltr'><strong>tempus</strong></span> <span class='ocrx_word' id='word_1_69' title='bbox 751 1245 943 1309; x_wconf 82' lang='lat' dir='ltr'><strong>novissimis</strong></span> <span class='ocrx_word' id='word_1_70' title='bbox 967 1246 1148 1322; x_wconf 78' lang='lat' dir='ltr'>crederent,</span> <span class='ocrx_word' id='word_1_71' title='bbox 1172 1247 1295 1328; x_wconf 77' lang='lat' dir='ltr'><strong>gladio,</strong></span> 
     </span>
     <span class='ocr_line' id='line_1_10' title="bbox 194 1334 1295 1430; baseline 0.005 -18"><span class='ocrx_word' id='word_1_72' title='bbox 194 1367 290 1430; x_wconf 88' lang='lat' dir='ltr'><strong>quem</strong></span> <span class='ocrx_word' id='word_1_73' title='bbox 307 1349 382 1411; x_wconf 88' lang='lat' dir='ltr'><strong>sinu</strong></span> <span class='ocrx_word' id='word_1_74' title='bbox 396 1334 578 1424; x_wconf 81' lang='lat' dir='ltr'><strong>abdiderut,</strong></span> <span class='ocrx_word' id='word_1_75' title='bbox 591 1347 753 1411; x_wconf 86' lang='lat' dir='ltr'><strong>incubuit.</strong></span> <span class='ocrx_word' id='word_1_76' title='bbox 800 1346 920 1430; x_wconf 80' lang='lat' dir='ltr'><strong>Neque</strong></span> <span class='ocrx_word' id='word_1_77' title='bbox 935 1346 1051 1413; x_wconf 72' lang='lat' dir='ltr'><strong>Caesar</strong></span> <span class='ocrx_word' id='word_1_78' title='bbox 1063 1349 1140 1411; x_wconf 90' lang='lat' dir='ltr'><strong>ullis</strong></span> <span class='ocrx_word' id='word_1_79' title='bbox 1154 1346 1295 1417; x_wconf 79' lang='lat' dir='ltr'><strong>crimini·</strong></span> 
     </span>
     <span class='ocr_line' id='line_1_11' title="bbox 192 1447 1295 1531; baseline 0.003 -21"><span class='ocrx_word' id='word_1_80' title='bbox 192 1447 256 1530; x_wconf 83' lang='lat' dir='ltr'><strong>bus</strong></span> <span class='ocrx_word' id='word_1_81' title='bbox 271 1454 330 1512; x_wconf 83' lang='lat' dir='ltr'><strong>aut</strong></span> <span class='ocrx_word' id='word_1_82' title='bbox 343 1448 473 1531; x_wconf 85' lang='lat' dir='ltr'><strong>probris</strong></span> <span class='ocrx_word' id='word_1_83' title='bbox 486 1447 673 1511; x_wconf 84' lang='lat' dir='ltr'><strong>defunctum</strong></span> <span class='ocrx_word' id='word_1_84' title='bbox 693 1449 875 1510; x_wconf 85' lang='lat' dir='ltr'><strong>insectatus</strong></span> <span class='ocrx_word' id='word_1_85' title='bbox 899 1453 962 1525; x_wconf 91' lang='lat' dir='ltr'><strong>est,</strong></span> <span class='ocrx_word' id='word_1_86' title='bbox 981 1467 1057 1512; x_wconf 86' lang='lat' dir='ltr'><strong>oum</strong></span> <span class='ocrx_word' id='word_1_87' title='bbox 1071 1448 1120 1510; x_wconf 86' lang='lat' dir='ltr'><strong>in²</strong></span> <span class='ocrx_word' id='word_1_88' title='bbox 1135 1448 1295 1512; x_wconf 87' lang='lat' dir='ltr'><strong>Blaesum·</strong></span> 
     </span>
     <span class='ocr_line' id='line_1_12' title="bbox 190 1549 713 1633; baseline 0.006 -22"><span class='ocrx_word' id='word_1_89' title='bbox 190 1550 296 1614; x_wconf 87' lang='lat' dir='ltr'><strong>multa</strong></span> <span class='ocrx_word' id='word_1_90' title='bbox 309 1549 468 1633; x_wconf 80' lang='lat' dir='ltr'><strong>foedeque</strong></span> <span class='ocrx_word' id='word_1_91' title='bbox 481 1550 713 1614; x_wconf 87' lang='lat' dir='ltr'><strong>incusavisset.</strong></span> 
     </span>
    </p>
   </div>
   <div class='ocr_carea' id='block_1_4' title="bbox 189 1696 1294 2335">
    <p class='ocr_par' dir='ltr' id='par_1_5' title="bbox 189 1696 1294 2335">
     <span class='ocr_line' id='line_1_13' title="bbox 192 1696 1294 1762; baseline 0.003 -18"><span class='ocrx_word' id='word_1_92' title='bbox 192 1696 265 1757; x_wconf 78' lang='lat' dir='ltr'><strong>tiam,</strong></span> <span class='ocrx_word' id='word_1_93' title='bbox 275 1711 326 1746; x_wconf 88' lang='lat' dir='ltr'><strong>non</strong></span> <span class='ocrx_word' id='word_1_94' title='bbox 335 1697 520 1761; x_wconf 74' lang='lat' dir='ltr'><strong>indulgentium</strong></span> <span class='ocrx_word' id='word_1_95' title='bbox 532 1697 685 1762; x_wconf 84' lang='lat' dir='ltr'><strong>cujusquam</strong></span> <span class='ocrx_word' id='word_1_96' title='bbox 695 1698 847 1760; x_wconf 74' lang='lat' dir='ltr'><strong>explorabo,</strong></span> <span class='ocrx_word' id='word_1_97' title='bbox 859 1698 904 1747; x_wconf 82' lang='lat' dir='ltr'><strong>sed</strong></span> <span class='ocrx_word' id='word_1_98' title='bbox 915 1697 984 1746; x_wconf 88' lang='lat' dir='ltr'><strong>liber</strong></span> <span class='ocrx_word' id='word_1_99' title='bbox 994 1703 1022 1747; x_wconf 90' lang='lat' dir='ltr'><strong>et</strong></span> <span class='ocrx_word' id='word_1_100' title='bbox 1032 1697 1094 1752; x_wconf 84' lang='lat' dir='ltr'><strong>mihi</strong></span> <span class='ocrx_word' id='word_1_101' title='bbox 1107 1697 1157 1760; x_wconf 87' lang='lat' dir='ltr'><strong>ipsi</strong></span> <span class='ocrx_word' id='word_1_102' title='bbox 1169 1703 1294 1760; x_wconf 82' lang='lat' dir='ltr'><strong>acceptus</strong></span> 
     </span>
     <span class='ocr_line' id='line_1_14' title="bbox 192 1761 1294 1825; baseline 0.001 -16"><span class='ocrx_word' id='word_1_103' title='bbox 192 1762 513 1813; x_wconf 74' lang='lat' dir='ltr'><strong>antevertensdiscrimen.</strong></span> <span class='ocrx_word' id='word_1_104' title='bbox 547 1763 620 1825; x_wconf 82' lang='lat' dir='ltr'><strong>Rogo</strong></span> <span class='ocrx_word' id='word_1_105' title='bbox 631 1776 677 1811; x_wconf 87' lang='lat' dir='ltr'><strong>vos</strong></span> <span class='ocrx_word' id='word_1_106' title='bbox 688 1777 720 1811; x_wconf 87' lang='lat' dir='ltr'><strong>ne</strong></span> <span class='ocrx_word' id='word_1_107' title='bbox 732 1763 883 1811; x_wconf 83' lang='lat' dir='ltr'><strong>memorium</strong></span> <span class='ocrx_word' id='word_1_108' title='bbox 900 1761 981 1811; x_wconf 83' lang='lat' dir='ltr'><strong>nostri</strong></span> <span class='ocrx_word' id='word_1_109' title='bbox 992 1775 1039 1823; x_wconf 90' lang='lat' dir='ltr'><strong>per</strong></span> <span class='ocrx_word' id='word_1_110' title='bbox 1051 1762 1182 1811; x_wconf 87' lang='lat' dir='ltr'><strong>tristitiam</strong></span> <span class='ocrx_word' id='word_1_111' title='bbox 1198 1761 1294 1825; x_wconf 84' lang='lat' dir='ltr'><strong>potins,</strong></span> 
     </span>
     <span class='ocr_line' id='line_1_15' title="bbox 192 1826 1293 1902; baseline 0 -28"><span class='ocrx_word' id='word_1_112' title='bbox 192 1839 269 1902; x_wconf 82' lang='lat' dir='ltr'><strong>quam</strong></span> <span class='ocrx_word' id='word_1_113' title='bbox 281 1840 329 1902; x_wconf 88' lang='lat' dir='ltr'><strong>per</strong></span> <span class='ocrx_word' id='word_1_114' title='bbox 338 1827 459 1902; x_wconf 66' lang='lat' dir='ltr'><strong>gentilem</strong></span> <span class='ocrx_word' id='word_1_115' title='bbox 470 1827 638 1902; x_wconf 75' lang='lat' dir='ltr'><strong>conservetis,</strong></span> <span class='ocrx_word' id='word_1_116' title='bbox 648 1840 689 1874; x_wconf 87' lang='lat' dir='ltr'><strong>me</strong></span> <span class='ocrx_word' id='word_1_117' title='bbox 699 1827 778 1875; x_wconf 78' lang='lat' dir='ltr'><strong>etiam</strong></span> <span class='ocrx_word' id='word_1_118' title='bbox 796 1827 827 1875; x_wconf 90' lang='lat' dir='ltr'><strong>iis</strong></span> <span class='ocrx_word' id='word_1_119' title='bbox 845 1827 1026 1890; x_wconf 79' lang='lat' dir='ltr'><strong>adjungentes,</strong></span> <span class='ocrx_word' id='word_1_120' title='bbox 1038 1827 1082 1889; x_wconf 88' lang='lat' dir='ltr'><strong>qui</strong></span> <span class='ocrx_word' id='word_1_121' title='bbox 1093 1827 1200 1875; x_wconf 77' lang='lat' dir='ltr'><strong>bonerto</strong></span> <span class='ocrx_word' id='word_1_122' title='bbox 1211 1826 1293 1890; x_wconf 82' lang='lat' dir='ltr'><strong>exitu,</strong></span> 
     </span>
     <span class='ocr_line' id='line_1_16' title="bbox 191 1889 1199 1953; baseline 0.007 -17"><span class='ocrx_word' id='word_1_123' title='bbox 191 1889 302 1953; x_wconf 83' lang='lat' dir='ltr'><strong>publrers</strong></span> <span class='ocrx_word' id='word_1_124' title='bbox 313 1890 504 1941; x_wconf 73' lang='lat' dir='ltr'><strong>eelemrtatsbss</strong></span> <span class='ocrx_word' id='word_1_125' title='bbox 512 1904 570 1939; x_wconf 89' lang='lat' dir='ltr'><strong>sese</strong></span> <span class='ocrx_word' id='word_1_126' title='bbox 580 1904 630 1953; x_wconf 85' lang='lat' dir='ltr'><strong>rpsr</strong></span> <span class='ocrx_word' id='word_1_127' title='bbox 641 1904 770 1940; x_wconf 78' lang='lat' dir='ltr'><strong>exemere.</strong></span> <span class='ocrx_word' id='word_1_128' title='bbox 1197 1944 1199 1949; x_wconf 79' lang='grc'>,</span> 
     </span>
     <span class='ocr_line' id='line_1_17' title="bbox 226 1953 1293 2019; baseline -0.001 -16"><span class='ocrx_word' id='word_1_129' title='bbox 226 1954 291 2003; x_wconf 73' lang='lat' dir='ltr'><strong>lber</strong></span> <span class='ocrx_word' id='word_1_130' title='bbox 300 1969 481 2018; x_wconf 70' lang='lat' dir='ltr'><strong>ununquemque</strong></span> <span class='ocrx_word' id='word_1_131' title='bbox 491 1956 528 2003; x_wconf 82' lang='lat' dir='ltr'><strong>vel</strong></span> <span class='ocrx_word' id='word_1_132' title='bbox 536 1968 666 2019; x_wconf 63' lang='lat' dir='ltr'><strong>remanere,</strong></span> <span class='ocrx_word' id='word_1_133' title='bbox 676 1955 713 2003; x_wconf 84' lang='lat' dir='ltr'><strong>vel</strong></span> <span class='ocrx_word' id='word_1_134' title='bbox 723 1957 801 2003; x_wconf 84' lang='lat' dir='ltr'><strong>eslere</strong></span> <span class='ocrx_word' id='word_1_135' title='bbox 812 1954 908 2016; x_wconf 73' lang='lat' dir='ltr'><strong>juberis,</strong></span> <span class='ocrx_word' id='word_1_136' title='bbox 923 1958 995 2016; x_wconf 68' lang='lat' dir='ltr'><strong>prorui</strong></span> <span class='ocrx_word' id='word_1_137' title='bbox 1013 1953 1060 2016; x_wconf 81' lang='lat' dir='ltr'><strong>ipsi</strong></span> <span class='ocrx_word' id='word_1_138' title='bbox 1076 1958 1164 2016; x_wconf 78' lang='lat' dir='ltr'><strong>presto</strong></span> <span class='ocrx_word' id='word_1_139' title='bbox 1182 1967 1239 2014; x_wconf 84' lang='lat' dir='ltr'><strong>esse,</strong></span> <span class='ocrx_word' id='word_1_140' title='bbox 1250 1957 1293 2002; x_wconf 76' lang='lat' dir='ltr'><strong>est</strong></span> 
     </span>
     <span class='ocr_line' id='line_1_18' title="bbox 190 2094 1293 2210; baseline 0.002 -15"><span class='ocrx_word' id='word_1_141' title='bbox 190 2095 399 2208; x_wconf 47' lang='lat' dir='ltr'><strong>mandem,</strong></span> <span class='ocrx_word' id='word_1_142' title='bbox 410 2148 471 2210; x_wconf 78' lang='lat' dir='ltr'><strong>quorl</strong></span> <span class='ocrx_word' id='word_1_143' title='bbox 480 2096 718 2208; x_wconf 45' lang='lat' dir='ltr'><strong>sinemurum</strong></span> <span class='ocrx_word' id='word_1_144' title='bbox 736 2116 874 2206; x_wconf 58' lang='grc' dir='ltr'><strong>ι’νωυίοάϋ.</strong></span> <span class='ocrx_word' id='word_1_145' title='bbox 907 2148 989 2209; x_wconf 80' lang='lat' dir='ltr'><strong>Neque</strong></span> <span class='ocrx_word' id='word_1_146' title='bbox 1002 2094 1293 2197; x_wconf 52' lang='lat' dir='ltr'><strong>mompsuussmuen·</strong></span> 
     </span>
     <span class='ocr_line' id='line_1_19' title="bbox 189 2209 1293 2335; baseline -0.002 -75"><span class='ocrx_word' id='word_1_147' title='bbox 189 2209 359 2335; x_wconf 57' lang='lat' dir='ltr'><strong>om</strong></span> <span class='ocrx_word' id='word_1_148' title='bbox 375 2210 521 2260; x_wconf 66' lang='lat' dir='ltr'><strong>mumolus</strong></span> <span class='ocrx_word' id='word_1_149' title='bbox 536 2215 652 2259; x_wconf 78' lang='lat' dir='ltr'><strong>mortuum</strong></span> <span class='ocrx_word' id='word_1_150' title='bbox 674 2211 779 2274; x_wconf 80' lang='lat' dir='ltr'><strong>incessil,</strong></span> <span class='ocrx_word' id='word_1_151' title='bbox 794 2226 846 2259; x_wconf 83' lang='lat' dir='ltr'><strong>cum</strong></span> <span class='ocrx_word' id='word_1_152' title='bbox 864 2215 942 2260; x_wconf 75' lang='lat' dir='ltr'><strong>tamen</strong></span> <span class='ocrx_word' id='word_1_153' title='bbox 958 2211 1039 2259; x_wconf 81' lang='lat' dir='ltr'><strong>Bloeso</strong></span> <span class='ocrx_word' id='word_1_154' title='bbox 1052 2211 1155 2273; x_wconf 78' lang='lat' dir='ltr'><strong>plurium</strong></span> <span class='ocrx_word' id='word_1_155' title='bbox 1168 2210 1293 2275; x_wconf 70' lang='lat' dir='ltr'><strong>turpiaque</strong></span> 
     </span>
    </p>
   </div>
   <div class='ocr_carea' id='block_1_5' title="bbox 652 2383 831 2404">
    <p class='ocr_par' dir='ltr' id='par_1_6' title="bbox 652 2383 831 2404">
     <span class='ocr_line' id='line_1_20' title="bbox 652 2383 831 2404; baseline 0 -2"><span class='ocrx_word' id='word_1_156' title='bbox 652 2383 831 2404; x_wconf 65' lang='lat' dir='ltr'><strong>enemente</strong></span> 
     </span>
    </p>
   </div>
   <div class='ocr_carea' id='block_1_6' title="bbox 184 2460 1293 2845">
    <p class='ocr_par' dir='ltr' id='par_1_7' title="bbox 187 2460 1293 2657">
     <span class='ocr_line' id='line_1_21' title="bbox 190 2460 1293 2527; baseline 0 -15"><span class='ocrx_word' id='word_1_157' title='bbox 190 2462 347 2513; x_wconf 62' lang='lat' dir='ltr'><strong>Breuem-2</strong></span> <span class='ocrx_word' id='word_1_158' title='bbox 363 2464 406 2513; x_wconf 86' lang='lat' dir='ltr'><strong>Sic</strong></span> <span class='ocrx_word' id='word_1_159' title='bbox 417 2464 478 2513; x_wconf 87' lang='lat' dir='ltr'><strong>libri</strong></span> <span class='ocrx_word' id='word_1_160' title='bbox 488 2479 577 2515; x_wconf 88' lang='lat' dir='ltr'><strong>omnes</strong></span> <span class='ocrx_word' id='word_1_161' title='bbox 593 2465 667 2515; x_wconf 90' lang='lat' dir='ltr'><strong>editi.</strong></span> <span class='ocrx_word' id='word_1_162' title='bbox 686 2460 800 2513; x_wconf 84' lang='lat' dir='ltr'><strong>Brotier.</strong></span> <span class='ocrx_word' id='word_1_163' title='bbox 819 2463 970 2514; x_wconf 62' lang='lat' dir='ltr'><strong>altile-⁸</strong></span> <span class='ocrx_word' id='word_1_164' title='bbox 986 2464 1071 2527; x_wconf 76' lang='lat' dir='ltr'><strong>Vulgo</strong></span> <span class='ocrx_word' id='word_1_165' title='bbox 1082 2464 1235 2525; x_wconf 77' lang='lat' dir='ltr'><strong>diceremus,</strong></span> <span class='ocrx_word' id='word_1_166' title='bbox 1254 2478 1293 2512; x_wconf 83' lang='lat' dir='ltr'><strong>ros</strong></span> 
     </span>
     <span class='ocr_line' id='line_1_22' title="bbox 189 2526 1292 2592; baseline 0.002 -18"><span class='ocrx_word' id='word_1_167' title='bbox 189 2526 302 2589; x_wconf 82' lang='lat' dir='ltr'><strong>obtestor,</strong></span> <span class='ocrx_word' id='word_1_168' title='bbox 313 2533 340 2577; x_wconf 77' lang='lat' dir='ltr'><strong>ut</strong></span> <span class='ocrx_word' id='word_1_169' title='bbox 351 2530 486 2578; x_wconf 78' lang='lat' dir='ltr'><strong>memoriam</strong></span> <span class='ocrx_word' id='word_1_170' title='bbox 505 2528 580 2578; x_wconf 78' lang='lat' dir='ltr'><strong>nostri</strong></span> <span class='ocrx_word' id='word_1_171' title='bbox 596 2529 648 2578; x_wconf 83' lang='lat' dir='ltr'><strong>loeti</strong></span> <span class='ocrx_word' id='word_1_172' title='bbox 662 2529 751 2592; x_wconf 74' lang='lat' dir='ltr'><strong>potius,</strong></span> <span class='ocrx_word' id='word_1_173' title='bbox 766 2544 836 2591; x_wconf 75' lang='lat' dir='ltr'><strong>quarn</strong></span> <span class='ocrx_word' id='word_1_174' title='bbox 852 2544 896 2591; x_wconf 82' lang='lat' dir='ltr'><strong>per</strong></span> <span class='ocrx_word' id='word_1_175' title='bbox 911 2542 1043 2590; x_wconf 65' lang='grc' dir='ltr'><em>Μυκη,</em></span> <span class='ocrx_word' id='word_1_176' title='bbox 1061 2528 1187 2577; x_wconf 75' lang='lat' dir='ltr'><strong>retinentis</strong></span> <span class='ocrx_word' id='word_1_177' title='bbox 1219 2526 1292 2577; x_wconf 86' lang='lat' dir='ltr'><strong>Nihil</strong></span> 
     </span>
     <span class='ocr_line' id='line_1_23' title="bbox 187 2591 1063 2657; baseline 0.001 -19"><span class='ocrx_word' id='word_1_178' title='bbox 187 2594 276 2640; x_wconf 85' lang='lat' dir='ltr'><strong>tamen</strong></span> <span class='ocrx_word' id='word_1_179' title='bbox 285 2598 380 2654; x_wconf 87' lang='lat' dir='ltr'><strong>peccat</strong></span> <span class='ocrx_word' id='word_1_180' title='bbox 391 2592 497 2655; x_wconf 75' lang='lat' dir='ltr'><strong>vulgata</strong></span> <span class='ocrx_word' id='word_1_181' title='bbox 510 2593 648 2656; x_wconf 86' lang='lat' dir='ltr'><strong>scriptura,</strong></span> <span class='ocrx_word' id='word_1_182' title='bbox 659 2599 689 2642; x_wconf 85' lang='lat' dir='ltr'><strong>ut</strong></span> <span class='ocrx_word' id='word_1_183' title='bbox 699 2594 788 2657; x_wconf 84' lang='lat' dir='ltr'><strong>placet</strong></span> <span class='ocrx_word' id='word_1_184' title='bbox 800 2592 956 2640; x_wconf 80' lang='lat' dir='ltr'><strong>Borbornio.</strong></span> <span class='ocrx_word' id='word_1_185' title='bbox 989 2591 1063 2640; x_wconf 77' lang='lat' dir='ltr'><strong>ldesr.</strong></span> 
     </span>
    </p>

    <p class='ocr_par' dir='ltr' id='par_1_8' title="bbox 184 2654 1291 2845">
     <span class='ocr_line' id='line_1_24' title="bbox 221 2654 1291 2720; baseline 0.002 -18"><span class='ocrx_word' id='word_1_186' title='bbox 221 2658 235 2702; x_wconf 91' lang='lat'>1</span> <span class='ocrx_word' id='word_1_187' title='bbox 253 2655 325 2704; x_wconf 83' lang='lat' dir='ltr'><strong>Male</strong></span> <span class='ocrx_word' id='word_1_188' title='bbox 343 2656 508 2719; x_wconf 85' lang='lat' dir='ltr'><strong>Vertranius,</strong></span> <span class='ocrx_word' id='word_1_189' title='bbox 526 2663 553 2706; x_wconf 79' lang='lat' dir='ltr'><strong>st</strong></span> <span class='ocrx_word' id='word_1_190' title='bbox 569 2657 653 2720; x_wconf 73' lang='lat' dir='ltr'><strong>cuique</strong></span> <span class='ocrx_word' id='word_1_191' title='bbox 670 2657 792 2706; x_wconf 61' lang='lat' dir='ltr'><strong>mue.</strong></span> <span class='ocrx_word' id='word_1_192' title='bbox 825 2655 997 2716; x_wconf 80' lang='lat' dir='ltr'><strong>Borbomius,</strong></span> <span class='ocrx_word' id='word_1_193' title='bbox 1013 2661 1041 2705; x_wconf 79' lang='lat' dir='ltr'><strong>st</strong></span> <span class='ocrx_word' id='word_1_194' title='bbox 1058 2655 1141 2718; x_wconf 80' lang='lat' dir='ltr'><strong>esiqse</strong></span> <span class='ocrx_word' id='word_1_195' title='bbox 1155 2654 1291 2704; x_wconf 62' lang='lat' dir='ltr'><strong>mart.</strong></span> 
     </span>
     <span class='ocr_line' id='line_1_25' title="bbox 189 2717 1290 2797; baseline 0.003 -31"><span class='ocrx_word' id='word_1_196' title='bbox 189 2717 324 2769; x_wconf 72' lang='lat' dir='ltr'><strong>idem-2</strong></span> <span class='ocrx_word' id='word_1_197' title='bbox 341 2720 437 2769; x_wconf 90' lang='lat' dir='ltr'><strong>Mallet</strong></span> <span class='ocrx_word' id='word_1_198' title='bbox 447 2720 550 2797; x_wconf 83' lang='lat' dir='ltr'><strong>Lipsius</strong></span> <span class='ocrx_word' id='word_1_199' title='bbox 561 2720 781 2783; x_wconf 65' lang='lat' dir='ltr'><strong>praepositionem,</strong></span> <span class='ocrx_word' id='word_1_200' title='bbox 798 2718 835 2783; x_wconf 85' lang='lat' dir='ltr'><strong>is,</strong></span> <span class='ocrx_word' id='word_1_201' title='bbox 845 2719 938 2771; x_wconf 85' lang='lat' dir='ltr'><strong>omitti.</strong></span> <span class='ocrx_word' id='word_1_202' title='bbox 965 2720 1032 2781; x_wconf 22' lang='lat' dir='ltr'><strong>Eam·</strong></span> <span class='ocrx_word' id='word_1_203' title='bbox 1039 2718 1187 2770; x_wconf 81' lang='lat' dir='ltr'><strong>Gronovius</strong></span> <span class='ocrx_word' id='word_1_204' title='bbox 1197 2718 1290 2770; x_wconf 84' lang='lat' dir='ltr'><strong>merite</strong></span> 
     </span>
     <span class='ocr_line' id='line_1_26' title="bbox 184 2784 780 2845; baseline 0.003 -14"><span class='ocrx_word' id='word_1_205' title='bbox 184 2787 278 2832; x_wconf 79' lang='lat' dir='ltr'><strong>tuetur</strong></span> <span class='ocrx_word' id='word_1_206' title='bbox 289 2784 447 2834; x_wconf 81' lang='lat' dir='ltr'><strong>auctoritate</strong></span> <span class='ocrx_word' id='word_1_207' title='bbox 459 2785 536 2845; x_wconf 84' lang='lat' dir='ltr'><strong>erii,</strong></span> <span class='ocrx_word' id='word_1_208' title='bbox 548 2798 636 2835; x_wconf 81' lang='lat' dir='ltr'><strong>nvn.</strong></span> <span class='ocrx_word' id='word_1_209' title='bbox 649 2789 672 2835; x_wconf 85' lang='lat'><strong>1.</strong></span> <span class='ocrx_word' id='word_1_210' title='bbox 705 2784 780 2834; x_wconf 66' lang='lat' dir='ltr'><strong>Iden.</strong></span> 
     </span>
    </p>
   </div>
   <div class='ocr_carea' id='block_1_7' title="bbox 689 2900 848 2960">
    <p class='ocr_par' dir='ltr' id='par_1_9' title="bbox 689 2900 848 2960">
     <span class='ocr_line' id='line_1_27' title="bbox 689 2900 848 2960; baseline -0.019 0"><span class='ocrx_word' id='word_1_211' title='bbox 689 2907 798 2960; x_wconf 77' lang='lat' dir='ltr'>NOTAE</span> <span class='ocrx_word' id='word_1_212' title='bbox 846 2900 848 2904; x_wconf 68' lang='grc'><strong>’</strong></span> 
     </span>
    </p>
   </div>
   <div class='ocr_carea' id='block_1_8' title="bbox 120 2995 1299 4289">
    <p class='ocr_par' dir='ltr' id='par_1_10' title="bbox 120 2995 1299 4289">
     <span class='ocr_line' id='line_1_28' title="bbox 183 2995 1179 3062; baseline -0.007 -9"><span class='ocrx_word' id='word_1_213' title='bbox 183 3012 238 3053; x_wconf 72' lang='lat' dir='ltr'><strong>uon</strong></span> <span class='ocrx_word' id='word_1_214' title='bbox 255 3003 357 3049; x_wconf 78' lang='lat' dir='ltr'><strong>tantum</strong></span> <span class='ocrx_word' id='word_1_215' title='bbox 372 3000 486 3050; x_wconf 76' lang='lat' dir='ltr'><strong>esuritis</strong></span> <span class='ocrx_word' id='word_1_216' title='bbox 503 3006 549 3049; x_wconf 87' lang='lat' dir='ltr'><strong>aut</strong></span> <span class='ocrx_word' id='word_1_217' title='bbox 565 2997 717 3062; x_wconf 89' lang='lat' dir='ltr'><strong>propinqui·</strong></span> <span class='ocrx_word' id='word_1_218' title='bbox 754 2996 827 3045; x_wconf 90' lang='lat' dir='ltr'><strong>illum</strong></span> <span class='ocrx_word' id='word_1_219' title='bbox 836 2995 933 3047; x_wconf 87' lang='lat' dir='ltr'><strong>doloris</strong></span> <span class='ocrx_word' id='word_1_220' title='bbox 944 2997 1079 3060; x_wconf 86' lang='lat' dir='ltr'><strong>impetum,</strong></span> <span class='ocrx_word' id='word_1_221' title='bbox 1090 2997 1179 3047; x_wconf 73' lang='lat' dir='ltr'><strong>lasta’.</strong></span> 
     </span>
     <span class='ocr_line' id='line_1_29' title="bbox 185 3068 1291 3140; baseline -0.002 -15"><span class='ocrx_word' id='word_1_222' title='bbox 185 3079 243 3125; x_wconf 67' lang='lat' dir='ltr'><strong>tete</strong></span> <span class='ocrx_word' id='word_1_223' title='bbox 253 3073 339 3138; x_wconf 81' lang='lat' dir='ltr'><strong>Sejaui</strong></span> <span class='ocrx_word' id='word_1_224' title='bbox 351 3089 420 3137; x_wconf 88' lang='lat' dir='ltr'><strong>reus,</strong></span> <span class='ocrx_word' id='word_1_225' title='bbox 430 3081 458 3124; x_wconf 87' lang='lat' dir='ltr'><strong>et</strong></span> <span class='ocrx_word' id='word_1_226' title='bbox 469 3075 513 3140; x_wconf 92' lang='lat' dir='ltr'><strong>qui</strong></span> <span class='ocrx_word' id='word_1_227' title='bbox 524 3090 553 3125; x_wconf 88' lang='lat' dir='ltr'><strong>se</strong></span> <span class='ocrx_word' id='word_1_228' title='bbox 563 3075 663 3139; x_wconf 84' lang='lat' dir='ltr'><strong>pariter</strong></span> <span class='ocrx_word' id='word_1_229' title='bbox 673 3088 716 3124; x_wconf 84' lang='lat' dir='ltr'><strong>oe·</strong></span> <span class='ocrx_word' id='word_1_230' title='bbox 788 3079 798 3105; x_wconf 78' lang='lat'>¹</span> <span class='ocrx_word' id='word_1_231' title='bbox 812 3072 932 3137; x_wconf 71' lang='lat' dir='ltr'><strong>Singulos,</strong></span> <span class='ocrx_word' id='word_1_232' title='bbox 942 3078 969 3123; x_wconf 79' lang='lat' dir='ltr'><strong>at</strong></span> <span class='ocrx_word' id='word_1_233' title='bbox 980 3075 1064 3138; x_wconf 81' lang='lat' dir='ltr'><strong>cuique</strong></span> <span class='ocrx_word' id='word_1_234' title='bbox 1074 3071 1195 3135; x_wconf 71' lang='lat' dir='ltr'><strong>mistero]</strong></span> <span class='ocrx_word' id='word_1_235' title='bbox 1210 3068 1291 3123; x_wconf 72' lang='lat' dir='ltr'><strong>Assis-</strong></span> 
     </span>
     <span class='ocr_line' id='line_1_30' title="bbox 120 3147 1290 3221; baseline 0.001 -23"><span class='ocrx_word' id='word_1_236' title='bbox 120 3214 123 3221; x_wconf 62' lang='lat'><strong>,</strong></span> <span class='ocrx_word' id='word_1_237' title='bbox 185 3148 294 3211; x_wconf 77' lang='lat' dir='ltr'><strong>uiderat,</strong></span> <span class='ocrx_word' id='word_1_238' title='bbox 311 3156 342 3200; x_wconf 86' lang='lat' dir='ltr'><strong>ut</strong></span> <span class='ocrx_word' id='word_1_239' title='bbox 355 3151 485 3214; x_wconf 80' lang='lat' dir='ltr'><strong>oonjicere</strong></span> <span class='ocrx_word' id='word_1_240' title='bbox 501 3157 548 3201; x_wconf 85' lang='lat' dir='ltr'><strong>est.</strong></span> <span class='ocrx_word' id='word_1_241' title='bbox 581 3151 716 3209; x_wconf 79' lang='lat' dir='ltr'><strong>Viderem</strong></span> <span class='ocrx_word' id='word_1_242' title='bbox 754 3151 805 3197; x_wconf 84' lang='lat' dir='ltr'><strong>lere</strong></span> <span class='ocrx_word' id='word_1_243' title='bbox 822 3147 864 3197; x_wconf 86' lang='lat' dir='ltr'><strong>bie</strong></span> <span class='ocrx_word' id='word_1_244' title='bbox 877 3154 1018 3211; x_wconf 74' lang='lat' dir='ltr'><strong>est‚geuus</strong></span> <span class='ocrx_word' id='word_1_245' title='bbox 1034 3147 1290 3213; x_wconf 82' lang='lat' dir='ltr'><strong>officii‚quodsids·</strong></span> 
     </span>
     <span class='ocr_line' id='line_1_31' title="bbox 182 3223 1291 3290; baseline 0 -13"><span class='ocrx_word' id='word_1_246' title='bbox 182 3225 295 3277; x_wconf 83' lang='lat' dir='ltr'><strong>similem</strong></span> <span class='ocrx_word' id='word_1_247' title='bbox 311 3227 379 3290; x_wconf 75' lang='lat' dir='ltr'><strong>apud</strong></span> <span class='ocrx_word' id='word_1_248' title='bbox 396 3228 525 3290; x_wconf 83' lang='lat' dir='ltr'><strong>Curtium,</strong></span> <span class='ocrx_word' id='word_1_249' title='bbox 540 3227 585 3281; x_wconf 87' lang='lat' dir='ltr'><strong>ubi</strong></span> <span class='ocrx_word' id='word_1_250' title='bbox 602 3228 635 3275; x_wconf 86' lang='lat' dir='ltr'><strong>de</strong></span> <span class='ocrx_word' id='word_1_251' title='bbox 654 3225 715 3276; x_wconf 87' lang='lat' dir='ltr'><strong>Pbi·</strong></span> <span class='ocrx_word' id='word_1_252' title='bbox 757 3224 890 3275; x_wconf 84' lang='lat' dir='ltr'><strong>cubuisset</strong></span> <span class='ocrx_word' id='word_1_253' title='bbox 914 3226 959 3275; x_wconf 91' lang='lat' dir='ltr'><strong>ille</strong></span> <span class='ocrx_word' id='word_1_254' title='bbox 983 3226 1167 3290; x_wconf 74' lang='lat' dir='ltr'><strong>magnanimus,</strong></span> <span class='ocrx_word' id='word_1_255' title='bbox 1188 3223 1291 3288; x_wconf 85' lang='lat' dir='ltr'><strong>fuisset,</strong></span> 
     </span>
     <span class='ocr_line' id='line_1_32' title="bbox 184 3301 1235 3360; baseline 0.001 -10"><span class='ocrx_word' id='word_1_256' title='bbox 184 3301 256 3360; x_wconf 74' lang='lat' dir='ltr'><strong>lotsr</strong></span> <span class='ocrx_word' id='word_1_257' title='bbox 270 3310 300 3353; x_wconf 89' lang='lat' dir='ltr'><strong>et</strong></span> <span class='ocrx_word' id='word_1_258' title='bbox 317 3302 344 3352; x_wconf 90' lang='lat' dir='ltr'><strong>irr</strong></span> <span class='ocrx_word' id='word_1_259' title='bbox 360 3310 448 3354; x_wconf 78' lang='lat' dir='ltr'><strong>nostre</strong></span> <span class='ocrx_word' id='word_1_260' title='bbox 466 3304 574 3355; x_wconf 83' lang='lat' dir='ltr'><strong>historia</strong></span> <span class='ocrx_word' id='word_1_261' title='bbox 592 3303 662 3354; x_wconf 83' lang='lat' dir='ltr'><strong>Gall.</strong></span> <span class='ocrx_word' id='word_1_262' title='bbox 682 3302 715 3352; x_wconf 88' lang='lat' dir='ltr'><strong>de</strong></span> <span class='ocrx_word' id='word_1_263' title='bbox 756 3302 869 3352; x_wconf 66' lang='lat' dir='ltr'><strong>medus.</strong></span> <span class='ocrx_word' id='word_1_264' title='bbox 1234 3314 1235 3317; x_wconf 72' lang='grc'>’</span> 
     </span>
     <span class='ocr_line' id='line_1_33' title="bbox 154 3375 1289 3443; baseline 0.003 -18"><span class='ocrx_word' id='word_1_265' title='bbox 154 3426 159 3440; x_wconf 67' lang='grc'><em>,</em></span> <span class='ocrx_word' id='word_1_266' title='bbox 184 3376 356 3439; x_wconf 77' lang='lat' dir='ltr'><strong>illustrissimo</strong></span> <span class='ocrx_word' id='word_1_267' title='bbox 378 3379 495 3443; x_wconf 79' lang='lat' dir='ltr'><strong>Tbuauo,</strong></span> <span class='ocrx_word' id='word_1_268' title='bbox 515 3379 564 3429; x_wconf 90' lang='lat' dir='ltr'><strong>sub</strong></span> <span class='ocrx_word' id='word_1_269' title='bbox 580 3379 715 3430; x_wconf 61' lang='lat' dir='ltr'><strong>liudovico</strong></span> <span class='ocrx_word' id='word_1_270' title='bbox 790 3376 987 3438; x_wconf 84' lang='lat' dir='ltr'><strong>Quireneraut,</strong></span> <span class='ocrx_word' id='word_1_271' title='bbox 1005 3382 1034 3425; x_wconf 89' lang='lat' dir='ltr'><strong>ut</strong></span> <span class='ocrx_word' id='word_1_272' title='bbox 1054 3375 1214 3440; x_wconf 84' lang='lat' dir='ltr'><strong>assisterent,</strong></span> <span class='ocrx_word' id='word_1_273' title='bbox 1223 3381 1254 3427; x_wconf 89' lang='lat' dir='ltr'><strong>ut</strong></span> <span class='ocrx_word' id='word_1_274' title='bbox 1264 3376 1289 3429; x_wconf 82' lang='lat' dir='ltr'><strong>ei</strong></span> 
     </span>
     <span class='ocr_line' id='line_1_34' title="bbox 182 3452 1290 3515; baseline 0.002 -12"><span class='ocrx_word' id='word_1_275' title='bbox 182 3464 247 3504; x_wconf 77' lang='lat' dir='ltr'><strong>xm.</strong></span> <span class='ocrx_word' id='word_1_276' title='bbox 755 3458 967 3515; x_wconf 67' lang='lat' dir='ltr'><strong>praesument,</strong></span> <span class='ocrx_word' id='word_1_277' title='bbox 988 3458 1017 3501; x_wconf 89' lang='lat' dir='ltr'><strong>ut</strong></span> <span class='ocrx_word' id='word_1_278' title='bbox 1036 3452 1201 3515; x_wconf 69' lang='lat' dir='ltr'><strong>praesentiam</strong></span> <span class='ocrx_word' id='word_1_279' title='bbox 1220 3465 1290 3505; x_wconf 85' lang='lat' dir='ltr'><strong>eom·</strong></span> 
     </span>
     <span class='ocr_line' id='line_1_35' title="bbox 218 3527 1290 3595; baseline 0.002 -18"><span class='ocrx_word' id='word_1_280' title='bbox 218 3534 231 3570; x_wconf 81' lang='lat'><strong>‘¹</strong></span> <span class='ocrx_word' id='word_1_281' title='bbox 247 3529 431 3583; x_wconf 68' lang='lat' dir='ltr'><strong>Nemorum</strong></span> <span class='ocrx_word' id='word_1_282' title='bbox 448 3529 526 3581; x_wconf 72' lang='lat' dir='ltr'><strong>nostri</strong></span> <span class='ocrx_word' id='word_1_283' title='bbox 531 3545 576 3595; x_wconf 82' lang='lat' dir='ltr'><strong>per</strong></span> <span class='ocrx_word' id='word_1_284' title='bbox 585 3545 715 3592; x_wconf 70' lang='grc' dir='ltr'><em>Μυκη,</em></span> <span class='ocrx_word' id='word_1_285' title='bbox 756 3528 894 3578; x_wconf 84' lang='lat' dir='ltr'><strong>moderent</strong></span> <span class='ocrx_word' id='word_1_286' title='bbox 904 3528 971 3578; x_wconf 84' lang='lat' dir='ltr'><strong>tanti</strong></span> <span class='ocrx_word' id='word_1_287' title='bbox 988 3527 1036 3577; x_wconf 88' lang='lat' dir='ltr'><strong>viri</strong></span> <span class='ocrx_word' id='word_1_288' title='bbox 1047 3528 1183 3594; x_wconf 78' lang='lat' dir='ltr'><strong>supremis,</strong></span> <span class='ocrx_word' id='word_1_289' title='bbox 1195 3541 1240 3579; x_wconf 89' lang='lat' dir='ltr'><strong>eos</strong></span> <span class='ocrx_word' id='word_1_290' title='bbox 1251 3540 1290 3579; x_wconf 68' lang='lat' dir='ltr'><strong>re</strong></span> 
     </span>
     <span class='ocr_line' id='line_1_36' title="bbox 181 3600 1291 3669; baseline -0.004 -15"><span class='ocrx_word' id='word_1_291' title='bbox 181 3616 253 3667; x_wconf 73' lang='lat' dir='ltr'><strong>quam</strong></span> <span class='ocrx_word' id='word_1_292' title='bbox 271 3604 476 3667; x_wconf 63' lang='lat' dir='ltr'><strong>instrumentis]</strong></span> <span class='ocrx_word' id='word_1_293' title='bbox 501 3606 563 3669; x_wconf 89' lang='lat' dir='ltr'><strong>Sup.</strong></span> <span class='ocrx_word' id='word_1_294' title='bbox 583 3606 669 3669; x_wconf 69' lang='lat' dir='ltr'><strong>magis,</strong></span> <span class='ocrx_word' id='word_1_295' title='bbox 686 3605 714 3657; x_wconf 84' lang='lat' dir='ltr'><strong>id</strong></span> <span class='ocrx_word' id='word_1_296' title='bbox 756 3602 874 3664; x_wconf 80' lang='lat' dir='ltr'><strong>tinebat3</strong></span> <span class='ocrx_word' id='word_1_297' title='bbox 893 3603 1104 3664; x_wconf 68' lang='lat' dir='ltr'><strong>namuurum,</strong></span> <span class='ocrx_word' id='word_1_298' title='bbox 1116 3600 1291 3665; x_wconf 73' lang='lat' dir='ltr'><strong>verbissigni·</strong></span> 
     </span>
     <span class='ocr_line' id='line_1_37' title="bbox 182 3672 1292 3747; baseline -0.001 -19"><span class='ocrx_word' id='word_1_299' title='bbox 182 3685 234 3747; x_wconf 71' lang='lat' dir='ltr'><strong>est,</strong></span> <span class='ocrx_word' id='word_1_300' title='bbox 242 3692 275 3728; x_wconf 89' lang='lat' dir='ltr'><strong>ue</strong></span> <span class='ocrx_word' id='word_1_301' title='bbox 283 3680 430 3729; x_wconf 86' lang='lat' dir='ltr'><strong>recordatio</strong></span> <span class='ocrx_word' id='word_1_302' title='bbox 436 3681 488 3731; x_wconf 89' lang='lat' dir='ltr'><strong>mei</strong></span> <span class='ocrx_word' id='word_1_303' title='bbox 498 3687 526 3731; x_wconf 87' lang='lat' dir='ltr'><strong>et</strong></span> <span class='ocrx_word' id='word_1_304' title='bbox 535 3681 627 3733; x_wconf 88' lang='lat' dir='ltr'><strong>mortis</strong></span> <span class='ocrx_word' id='word_1_305' title='bbox 636 3680 712 3744; x_wconf 88' lang='lat' dir='ltr'><strong>bujus</strong></span> <span class='ocrx_word' id='word_1_306' title='bbox 755 3676 852 3729; x_wconf 85' lang='lat' dir='ltr'><strong>ficabat</strong></span> <span class='ocrx_word' id='word_1_307' title='bbox 862 3684 964 3742; x_wconf 75' lang='lat' dir='ltr'><strong>gratum</strong></span> <span class='ocrx_word' id='word_1_308' title='bbox 981 3677 1030 3727; x_wconf 87' lang='lat' dir='ltr'><strong>sibl</strong></span> <span class='ocrx_word' id='word_1_309' title='bbox 1050 3692 1117 3740; x_wconf 87' lang='lat' dir='ltr'><strong>esse,</strong></span> <span class='ocrx_word' id='word_1_310' title='bbox 1128 3675 1197 3742; x_wconf 88' lang='lat' dir='ltr'><strong>quod</strong></span> <span class='ocrx_word' id='word_1_311' title='bbox 1215 3672 1292 3727; x_wconf 81' lang='lat' dir='ltr'><strong>ades.</strong></span> 
     </span>
     <span class='ocr_line' id='line_1_38' title="bbox 182 3756 823 3822; baseline 0.005 -20"><span class='ocrx_word' id='word_1_312' title='bbox 182 3768 229 3805; x_wconf 84' lang='lat' dir='ltr'><strong>vos</strong></span> <span class='ocrx_word' id='word_1_313' title='bbox 239 3756 319 3818; x_wconf 77' lang='lat' dir='ltr'><strong>magis</strong></span> <span class='ocrx_word' id='word_1_314' title='bbox 330 3757 476 3819; x_wconf 81' lang='lat' dir='ltr'><strong>contristet,</strong></span> <span class='ocrx_word' id='word_1_315' title='bbox 493 3772 569 3822; x_wconf 85' lang='lat' dir='ltr'><strong>quam</strong></span> <span class='ocrx_word' id='word_1_316' title='bbox 584 3756 712 3818; x_wconf 78' lang='lat' dir='ltr'><strong>letificet,</strong></span> <span class='ocrx_word' id='word_1_317' title='bbox 754 3762 823 3805; x_wconf 86' lang='lat' dir='ltr'><strong>sent.</strong></span> 
     </span>
     <span class='ocr_line' id='line_1_39' title="bbox 182 3823 1290 3897; baseline -0.002 -18"><span class='ocrx_word' id='word_1_318' title='bbox 182 3835 214 3880; x_wconf 88' lang='lat' dir='ltr'><strong>ut</strong></span> <span class='ocrx_word' id='word_1_319' title='bbox 222 3842 330 3881; x_wconf 81' lang='lat' dir='ltr'><strong>mortem</strong></span> <span class='ocrx_word' id='word_1_320' title='bbox 339 3845 421 3881; x_wconf 83' lang='lat' dir='ltr'><strong>meam</strong></span> <span class='ocrx_word' id='word_1_321' title='bbox 430 3833 525 3881; x_wconf 83' lang='lat' dir='ltr'><strong>melitis</strong></span> <span class='ocrx_word' id='word_1_322' title='bbox 532 3832 714 3897; x_wconf 87' lang='lat' dir='ltr'><strong>plausu,quam</strong></span> <span class='ocrx_word' id='word_1_323' title='bbox 789 3831 841 3884; x_wconf 83' lang='lat' dir='ltr'><strong>Qui</strong></span> <span class='ocrx_word' id='word_1_324' title='bbox 853 3845 926 3893; x_wconf 88' lang='lat' dir='ltr'><strong>vero,</strong></span> <span class='ocrx_word' id='word_1_325' title='bbox 937 3834 967 3879; x_wconf 90' lang='lat' dir='ltr'><strong>ut</strong></span> <span class='ocrx_word' id='word_1_326' title='bbox 976 3829 1049 3879; x_wconf 88' lang='lat' dir='ltr'><strong>brevi</strong></span> <span class='ocrx_word' id='word_1_327' title='bbox 1057 3828 1181 3893; x_wconf 84' lang='lat' dir='ltr'><strong>elloquio,</strong></span> <span class='ocrx_word' id='word_1_328' title='bbox 1189 3828 1245 3878; x_wconf 83' lang='lat' dir='ltr'><strong>sive</strong></span> <span class='ocrx_word' id='word_1_329' title='bbox 1256 3823 1290 3877; x_wconf 82' lang='lat' dir='ltr'><strong>ob</strong></span> 
     </span>
     <span class='ocr_line' id='line_1_40' title="bbox 182 3901 1289 3971; baseline -0.001 -17"><span class='ocrx_word' id='word_1_330' title='bbox 182 3905 291 3968; x_wconf 76' lang='lat' dir='ltr'><strong>planetu</strong></span> <span class='ocrx_word' id='word_1_331' title='bbox 302 3907 434 3969; x_wconf 81' lang='lat' dir='ltr'><strong>prosequi,</strong></span> <span class='ocrx_word' id='word_1_332' title='bbox 446 3913 476 3956; x_wconf 91' lang='lat' dir='ltr'><strong>ut</strong></span> <span class='ocrx_word' id='word_1_333' title='bbox 485 3906 580 3955; x_wconf 86' lang='lat' dir='ltr'><strong>malitis</strong></span> <span class='ocrx_word' id='word_1_334' title='bbox 592 3920 649 3956; x_wconf 88' lang='lat' dir='ltr'><strong>eam</strong></span> <span class='ocrx_word' id='word_1_335' title='bbox 660 3907 715 3955; x_wconf 76' lang='lat' dir='ltr'><strong>lau·</strong></span> <span class='ocrx_word' id='word_1_336' title='bbox 754 3907 782 3957; x_wconf 87' lang='lat' dir='ltr'><strong>id</strong></span> <span class='ocrx_word' id='word_1_337' title='bbox 790 3909 883 3971; x_wconf 85' lang='lat' dir='ltr'><strong>ipsum,</strong></span> <span class='ocrx_word' id='word_1_338' title='bbox 891 3905 960 3971; x_wconf 83' lang='lat' dir='ltr'><strong>quod</strong></span> <span class='ocrx_word' id='word_1_339' title='bbox 968 3904 1105 3969; x_wconf 75' lang='lat' dir='ltr'><strong>agebatur,</strong></span> <span class='ocrx_word' id='word_1_340' title='bbox 1114 3904 1169 3952; x_wconf 87' lang='lat' dir='ltr'><strong>sire</strong></span> <span class='ocrx_word' id='word_1_341' title='bbox 1177 3902 1211 3952; x_wconf 93' lang='lat' dir='ltr'><strong>ob</strong></span> <span class='ocrx_word' id='word_1_342' title='bbox 1218 3901 1289 3953; x_wconf 84' lang='lat' dir='ltr'><strong>aliud</strong></span> 
     </span>
     <span class='ocr_line' id='line_1_41' title="bbox 173 3978 1290 4047; baseline -0.006 -12"><span class='ocrx_word' id='word_1_343' title='bbox 173 3978 256 4042; x_wconf 50' lang='grc' dir='ltr'><strong>ἐπε,</strong></span> <span class='ocrx_word' id='word_1_344' title='bbox 274 3995 350 4045; x_wconf 79' lang='lat' dir='ltr'><strong>quam</strong></span> <span class='ocrx_word' id='word_1_345' title='bbox 371 3983 469 4045; x_wconf 74' lang='lat' dir='ltr'><strong>lugere.</strong></span> <span class='ocrx_word' id='word_1_346' title='bbox 506 3981 574 4031; x_wconf 78' lang='lat' dir='ltr'><strong>vide</strong></span> <span class='ocrx_word' id='word_1_347' title='bbox 592 3982 715 4030; x_wconf 83' lang='lat' dir='ltr'><strong>Senecam</strong></span> <span class='ocrx_word' id='word_1_348' title='bbox 755 3983 896 4047; x_wconf 78' lang='lat' dir='ltr'><strong>negotium,</strong></span> <span class='ocrx_word' id='word_1_349' title='bbox 904 3979 1167 4046; x_wconf 85' lang='lat' dir='ltr'><strong>potitidiscedereut;</strong></span> <span class='ocrx_word' id='word_1_350' title='bbox 1178 3993 1223 4029; x_wconf 88' lang='lat' dir='ltr'><strong>eos</strong></span> <span class='ocrx_word' id='word_1_351' title='bbox 1230 3993 1290 4033; x_wconf 79' lang='lat' dir='ltr'><strong>eum</strong></span> 
     </span>
     <span class='ocr_line' id='line_1_42' title="bbox 180 4054 1292 4124; baseline 0.003 -21"><span class='ocrx_word' id='word_1_352' title='bbox 180 4054 216 4103; x_wconf 79' lang='lat' dir='ltr'><strong>sd</strong></span> <span class='ocrx_word' id='word_1_353' title='bbox 236 4055 364 4105; x_wconf 75' lang='lat' dir='ltr'><strong>Marciam</strong></span> <span class='ocrx_word' id='word_1_354' title='bbox 387 4072 411 4106; x_wconf 81' lang='lat' dir='ltr'><strong>e.</strong></span> <span class='ocrx_word' id='word_1_355' title='bbox 434 4062 460 4106; x_wconf 77' lang='lat'><strong>2.</strong></span> <span class='ocrx_word' id='word_1_356' title='bbox 478 4063 507 4107; x_wconf 90' lang='lat' dir='ltr'><strong>et</strong></span> <span class='ocrx_word' id='word_1_357' title='bbox 525 4061 549 4107; x_wconf 73' lang='lat'><strong>⁸.</strong></span> <span class='ocrx_word' id='word_1_358' title='bbox 577 4056 717 4108; x_wconf 79' lang='lat' dir='ltr'><strong>‘Octavia</strong></span> <span class='ocrx_word' id='word_1_359' title='bbox 754 4074 878 4124; x_wconf 84' lang='lat' dir='ltr'><strong>responso</strong></span> <span class='ocrx_word' id='word_1_360' title='bbox 887 4059 977 4108; x_wconf 81' lang='lat' dir='ltr'><strong>sedate</strong></span> <span class='ocrx_word' id='word_1_361' title='bbox 988 4057 1152 4122; x_wconf 86' lang='lat' dir='ltr'><strong>placideque,</strong></span> <span class='ocrx_word' id='word_1_362' title='bbox 1161 4056 1225 4108; x_wconf 86' lang='lat' dir='ltr'><strong>nibil</strong></span> <span class='ocrx_word' id='word_1_363' title='bbox 1235 4063 1292 4108; x_wconf 88' lang='lat' dir='ltr'><strong>tur·</strong></span> 
     </span>
     <span class='ocr_line' id='line_1_43' title="bbox 181 4130 1299 4197; baseline 0.003 -14"><span class='ocrx_word' id='word_1_364' title='bbox 181 4130 304 4183; x_wconf 78' lang='lat' dir='ltr'><strong>Marcelli</strong></span> <span class='ocrx_word' id='word_1_365' title='bbox 315 4134 463 4185; x_wconf 86' lang='lat' dir='ltr'><strong>memoriam</strong></span> <span class='ocrx_word' id='word_1_366' title='bbox 479 4133 589 4185; x_wconf 82' lang='lat' dir='ltr'><strong>retinuit</strong></span> <span class='ocrx_word' id='word_1_367' title='bbox 599 4148 646 4197; x_wconf 86' lang='lat' dir='ltr'><strong>per</strong></span> <span class='ocrx_word' id='word_1_368' title='bbox 654 4149 716 4185; x_wconf 82' lang='lat' dir='ltr'><strong>mm·</strong></span> <span class='ocrx_word' id='word_1_369' title='bbox 756 4137 843 4197; x_wconf 79' lang='lat' dir='ltr'><strong>batus,</strong></span> <span class='ocrx_word' id='word_1_370' title='bbox 852 4134 1011 4187; x_wconf 84' lang='lat' dir='ltr'><strong>dimittebat.</strong></span> <span class='ocrx_word' id='word_1_371' title='bbox 1045 4133 1186 4185; x_wconf 81' lang='lat' dir='ltr'><strong>Gmsoriss.</strong></span> <span class='ocrx_word' id='word_1_372' title='bbox 1297 4167 1299 4172; x_wconf 93' lang='lat'>·</span> 
     </span>
     <span class='ocr_line' id='line_1_44' title="bbox 184 4208 1290 4289; baseline 0.008 -33"><span class='ocrx_word' id='word_1_373' title='bbox 184 4220 291 4259; x_wconf 86' lang='lat' dir='ltr'><strong>rorem:</strong></span> <span class='ocrx_word' id='word_1_374' title='bbox 321 4208 397 4260; x_wconf 81' lang='lat' dir='ltr'><strong>Liria</strong></span> <span class='ocrx_word' id='word_1_375' title='bbox 416 4209 509 4275; x_wconf 87' lang='lat' dir='ltr'><strong>Drusi,</strong></span> <span class='ocrx_word' id='word_1_376' title='bbox 529 4215 588 4289; x_wconf 78' lang='lat' dir='ltr'><strong>post</strong></span> <span class='ocrx_word' id='word_1_377' title='bbox 606 4209 717 4276; x_wconf 72' lang='lat' dir='ltr'><strong>puniam</strong></span> <span class='ocrx_word' id='word_1_378' title='bbox 788 4214 877 4263; x_wconf 61' lang='lat' dir='ltr'><strong>wrm</strong></span> <span class='ocrx_word' id='word_1_379' title='bbox 893 4212 920 4263; x_wconf 83' lang='lat' dir='ltr'><strong>is</strong></span> <span class='ocrx_word' id='word_1_380' title='bbox 935 4210 1054 4276; x_wconf 68' lang='lat' dir='ltr'><strong>Blesum]</strong></span> <span class='ocrx_word' id='word_1_381' title='bbox 1070 4210 1157 4265; x_wconf 77' lang='lat' dir='ltr'><strong>Recte</strong></span> <span class='ocrx_word' id='word_1_382' title='bbox 1171 4211 1290 4278; x_wconf 75' lang='lat' dir='ltr'><strong>siespud</strong></span> 
     </span>
    </p>
   </div>
   <div class='ocr_carea' id='block_1_9' title="bbox 0 0 1542 4917">
    <p class='ocr_par' dir='ltr' id='par_1_11' title="bbox 0 0 1542 4917">
     <span class='ocr_line' id='line_1_45' title="bbox 0 0 1542 4917; baseline 0 3"><span class='ocrx_word' id='word_1_383' title='bbox 0 0 1542 4917; x_wconf 95' lang='lat' dir='ltr'><strong> </strong></span> 
     </span>
    </p>
   </div>
  </div>
 </body>
</html>
