3075 4917
192 420 355 496 mgis
556 416 943 477 annantunrurnrvs
1186 480 1189 485 .
1230 397 1297 484 82!

194 580 281 644 qnos
303 560 456 627 nannius
472 566 581 644 ,atque
605 560 767 644 Opsius,W
789 560 954 642 ceterique
968 559 1083 642 flagitii
1096 557 1170 641 ejus
1184 577 1296 641 repen

194 669 296 740 tores,
306 663 461 743 habuere,
472 683 537 726 non
552 663 653 726 modo
667 668 845 745 postquam
856 660 896 725 G.
907 659 1157 726 Casinatem
1169 661 1298 742 potitus

193 770 255 840 est,
271 764 329 827 sed
345 766 504 828 incolumi
524 764 674 828 Tiberio:
698 765 755 848 qui
779 764 941 827 scelerum
961 762 1140 839 ministros»,
1163 766 1198 823 ut
1221 780 1295 844 pen

194 865 277 929 verti
300 866 344 929 ab
369 865 459 929 aliisy
474 865 618 942 nolebat,
634 866 682 929 ita
694 865 887 948 plerumque
901 864 1056 940 satiatus,
1072 869 1105 925 et
1118 862 1238 937 oblatis
1259 863 1296 927 in

192 965 330 1051 eandem
355 985 489 1048 operam
514 967 710 1043 recentibus,
735 972 862 1029 veteres
886 973 919 1029 et
943 972 1134 1048 praegraves
1155 964 1291 1028 afflixit:

193 1084 306 1130 verum
321 1067 384 1129 has
400 1072 500 1148 atque
515 1068 599 1130 alias
614 1070 755 1131 sontium
768 1086 898 1150 poenas,
910 1069 945 1130 in
957 1073 1104 1150 tempore
1115 1066 1294 1129 trademus.
1330 1100 1337 1125 ι

192 1166 282 1230 Tum
307 1169 437 1232 censuit
463 1167 602 1232 Asinius
628 1167 759 1246 Gallus,
786 1171 885 1252 cujus
906 1168 1082 1231 liberorum
1106 1165 1297 1249 Agrippina,

192 1273 367 1332 matertera
380 1274 474 1346 erat,z
493 1269 692 1351 ‘petendum
716 1289 737 1333 a
761 1269 929 1352 Principe,
947 1274 986 1332 ut
999 1275 1104 1333 metus
1126 1275 1219 1331 suos·
1232 1267 1292 1330 Se·

190 1479 263 1529 istius
271 1481 364 1530 sceleris
373 1482 513 1545 iuueniores,
522 1484 587 1534 nacti
597 1500 625 1533 nc
635 1485 716 1534 sortiti
732 1491 798 1549 seui,
808 1500 853 1534 sos
863 1486 937 1534 solum
944 1491 1067 1548 posquam
1085 1482 1195 1544 Caligula
1203 1482 1293 1546 prisci·

187 1550 274 1608 putem
284 1548 438 1608 adspiraret,
448 1549 490 1596 sed
500 1548 572 1597 eiiam
582 1550 712 1612 imperante
728 1550 784 1612 ipso
797 1549 906 1609 liberm
922 1549 1120 1613 quifiugitiorum
1129 1548 1253 1608 meuses,
1263 1551 1292 1595 st

191 1610 295 1672 opprimi
303 1609 334 1658 ui
346 1610 402 1658 aliis
411 1627 457 1660 uon
464 1611 566 1672 sinebat,
587 1614 622 1662 sic
631 1628 693 1676 roepe
703 1629 774 1676 seque
790 1616 822 1662 ud
830 1615 965 1663 “tiriacus
975 1628 1014 1662 eos
1026 1627 1131 1675 perosas,
1146 1617 1169 1660 et
1179 1627 1204 1660 se
1213 1610 1298 1673 profe-‚-

189 1673 297 1722 restibus
309 1676 335 1722 in
344 1675 407 1723 idem
417 1678 490 1724 scrius
501 1678 567 1725 noeis
577 1679 711 1739 ministris,
727 1679 818 1740 priscos
834 1683 857 1726 et
873 1679 1018 1741 importunos
1027 1676 1151 1725 ntimo.
1184 1675 1232 1724 Sed
1242 1675 1293 1723 ioee

189 1743 215 1787 et
226 1740 275 1787 ntia
290 1754 382 1787 reorum
397 1741 512 1802 supplicio
530 1743 578 1791 loco
595 1757 637 1790 suo
655 1742 840 1791 mundinae.
875 1743 937 1791 Tum
955 1741 1067 1790 decenn
1083 1740 1182 1788 Asinius
1200 1739 1293 1800 Gallus,

188 1800 255 1863 enas
264 1801 319 1867 filii
334 1803 493 1867 Agrippinum
503 1810 653 1855 Μενίππη
662 1805 785 1870 foedant,
801 1806 982 1870 postulandum
992 1821 1007 1854 a
1019 1803 1132 1867 Caesae,
1144 1810 1173 1852 ut
1183 1816 1291 1866 pavores

689 1932 795 2003 noim

193 2116 196 2121 -
222 2080 240 2117 -V
255 2076 368 2129 intuta
376 2082 449 2142 utque
460 2079 558 2143 Opsius]
584 2081 628 2131 De
639 2081 721 2145 Optio
794 2080 954 2146 'Agrippina
969 2085 1096 2131 mutere
1111 2077 1176 2143 erui]
1208 2077 1292 2131 Nimis

188 2149 217 2203 itt
227 2150 268 2199 itis
286 2151 359 2200 libris
373 2153 452 2205 nituitz
470 2155 503 2203 de
524 2156 626 2206 Latinio
643 2157 722 2207 habes
761 2173 818 2207 rum
836 2159 1031 2223 quiaVipsauia
1049 2171 1114 2206 uxor
1123 2153 1216 2215 Asinii,
1231 2168 1292 2204 ceno

188 2224 257 2276 libro
268 2240 306 2285 vt.
321 2227 425 2291 Isipsisu
761 2234 904 2298 sangninca
917 2234 1071 2298 Agrippinae
1089 2246 1178 2281 soror:
1195 2229 1222 2279 id
1241 2236 1293 2297 est,

222 2308 236 2334 ¹
255 2302 284 2351 C.
305 2303 397 2368 Cesar]
429 2305 616 2371 QniCalignlae
626 2322 720 2371 cogno·
759 2311 853 2361 eodem
877 2319 951 2373 patre
966 2309 1091 2374 Vipsania
1110 2316 1178 2357 natae
1199 2306 1295 2373 ambe,

187 2391 249 2427 men
261 2378 364 2429 habuit:
382 2382 403 2428 is
423 2380 506 2431 frater
517 2383 637 2447 Neronis,
650 2385 720 2433 Dru·
760 2384 964 2435 diverssmatre.

187 2455 263 2519 sique
285 2464 313 2506 et
334 2457 487 2522 Agrippinae
509 2458 586 2523 lilius,
613 2467 722 2511 suaset
794 2462 940 2526 Agrippina]
967 2461 1113 2526 Agrippina
1123 2461 1179 2511 nac
1190 2465 1218 2509 et
1228 2460 1293 2523 Vips

189 2546 294 2581 snorum
316 2533 423 2597 injurias
450 2536 517 2584 hand
544 2537 621 2586 dubie
642 2537 723 2586 viudi-
761 2538 833 2586 sauia
844 2553 953 2596 sorores,
963 2536 1046 2586 ambre
1065 2542 1133 2584 nata
1153 2550 1185 2583 ex
1200 2534 1293 2585 eodem

189 2609 260 2658 carii
271 2609 298 2657 in
310 2610 440 2659 scelerata
451 2611 506 2661 lraec
516 2613 613 2675 capita.
761 2619 837 2675 patre
849 2614 887 2663 Μ.
899 2613 1028 2676 Agrippa,
1047 2611 1095 2660 sed
1113 2609 1223 2659 dirersis
1239 2624 1292 2658 ma·

221 2691 233 2727 i
249 2685 477 2748 reuertuntur]
503 2687 671 2751 Flagitiorrnn
684 2689 721 2735 in·
761 2688 860 2748 tribns;
881 2687 1006 2751 Vipsania
1025 2702 1059 2736 ex
1078 2684 1221 2749 Pomponia
1239 2683 1296 2735 filiu

189 2765 333 2809 strumenta
351 2761 384 2809 ab
403 2762 460 2810 aliis
478 2761 595 2812 subverti
613 2776 664 2811 non
676 2777 722 2826 po·
762 2762 900 2827 Pomponii
921 2761 1005 2829 Attici
1027 2762 1126 2826 penita,
1146 2762 1293 2826 Agrippina

188 2836 312 2900 tiebatur,
325 2838 372 2887 sed
391 2838 510 2901 ipsemet,
527 2846 663 2902 postquam
681 2853 721 2888 su·
761 2851 795 2886 ex
805 2838 876 2889 thlia
886 2838 999 2901 Augusti
1009 2837 1071 2888 filia.

189 2912 266 2962 tietas
277 2927 365 2964 eorum
377 2914 546 2978 obrepsisset,
562 2930 607 2964 eos
625 2915 653 2964 in
669 2916 722 2965 exi·
795 2915 940 2978 Matertera]
972 2914 1077 2964 Asinius
1102 2915 1193 2965 Gallus
1212 2914 1293 2965 ‹luxe-

187 2986 253 3037 tinm
271 2987 416 3053 affligebat,
435 2990 565 3040 ministros
587 2992 722 3053 scelerum,
761 2996 803 3039 rat
812 2990 963 3054 Vipsanium
974 2990 1152 3053 Agrippinam,
1163 2990 1240 3039 filiam
1252 2991 1292 3040 M.

188 3063 286 3114 ntfieri
298 3065 374 3125 solet,
385 3066 442 3129 ipse
459 3067 610 3130 exhorrens,
626 3068 721 3117 veteri·
760 3066 896 3130 Agrippae,
912 3072 1047 3130 postquem
1059 3066 1213 3114 discesserat
1222 3082 1238 3113 a
1248 3066 1295 3115 Ti-

186 3137 236 3189 bns
252 3142 391 3203 oppressis,
402 3148 521 3191 recentes
539 3142 603 3192 ulios
619 3159 720 3193 scenam
761 3142 825 3191 berii
837 3143 1007 3204 matrimonio,
1020 3142 1094 3205 jussu
1110 3140 1237 3205 Augusti3
1254 3141 1293 3192 sic

187 3215 258 3265 illam
271 3218 393 3266 urniorum
407 3218 518 3280 ingredi,
533 3227 561 3267 et
577 3233 656 3268 novas
666 3235 721 3269 sce·
761 3233 793 3267 ea
812 3233 884 3266 soror
901 3217 954 3267 fuit
970 3217 1123 3281 Agrippinae
1135 3217 1294 3280 Germanici,

187 3292 271 3341 lerum
283 3292 423 3356 tragedias
442 3295 558 3343 excitare
574 3295 642 3344 ultro
653 3310 721 3345 corn·
761 3299 835 3343 etex
844 3294 968 3357 Vipsania
978 3294 1024 3342 illa
1034 3294 1089 3357 ipse
1098 3294 1189 3343 Gallus
1197 3295 1292 3343 liberos

188 3368 314 3432 pellebat,
323 3372 400 3418 etiam
412 3371 566 3419 clarissimos
577 3373 684 3421 Petrum
694 3381 722 3423 et
762 3378 922 3432 susceperat,
930 3384 1037 3433 quorum
1047 3370 1084 3418 sic
1094 3378 1233 3419 nratertera
1242 3369 1294 3420 snit

128 3443 135 3450 '
187 3445 374 3503 nobilissimos3
392 3446 631 3509 qrrodpndendurn.
719 3464 724 3480 ν
762 3443 916 3506 Agrippina,
925 3444 958 3493 de
968 3459 1018 3508 qna
1030 3445 1080 3494 hic.
1279 3452 1282 3455 “

191 3520 450 3583 -dduliitpernerdiJ
482 3523 545 3571 Tac.
560 3528 649 3574 vr.3⁰.
665 3523 722 3573 ‘Ae
794 3528 807 3554 ⁸
825 3522 859 3570 Ut
876 3526 953 3569 Mus
969 3521 1033 3583 sess]
1066 3520 1295 3583 Censuitutprin·

187 3602 276 3645 tamen
297 3604 471 3659 accusatores,
489 3598 511 3645 si
533 3597 643 3648 incultus
662 3599 725 3649 incl
760 3614 824 3665 ceps
836 3597 964 3648 fateretur
973 3599 1085 3661 senatui,
1102 3614 1178 3662 quern
1189 3613 1294 3661 suspec-

186 3671 274 3732 deret,
290 3670 578 3735 prenieafficiebsntur:
597 3674 723 3724 utServi·
761 3683 815 3724 turn
835 3674 952 3737 baberet,
968 3689 1079 3738 eumque
1098 3689 1113 3722 e
1133 3672 1217 3722 rnedio
1237 3673 1294 3725 tolli

186 3749 236 3798 lios
248 3749 444 3814 Corneliusque,
456 3749 561 3813 perdito
576 3750 674 3800 Scauro
685 3749 723 3799 fa·
760 3758 903 3817 pateretur.
921 3751 1031 3801 Freiseis.

185 3826 326 3889 mosi,'&c.
793 3828 872 3890 Puto,
882 3843 934 3876 non
953 3836 993 3875 est
1013 3841 1043 3874 ea
1059 3840 1132 3874 mens
1143 3825 1237 3886 Taciti,
1247 3832 1294 3875 aut

188 3932 194 3938 ·
219 3901 259 3953 As
268 3902 336 3964 aliis]
353 3905 396 3954 Ne
406 3902 545 3966 intelligas,
557 3904 630 3967 qnasi
640 3906 722 3954 nollet
760 3905 840 3954 Galli.
874 3904 964 3952 Voluit
983 3902 1068 3965 rogari
1089 3901 1244 3964 principem,
1262 3908 1295 3951 ut

186 3978 427 4030 delatoresabairis
447 3980 605 4030 delatoribus
617 3995 722 4043 perver-
759 3995 820 4030 suos
839 3987 923 4029 metus
942 3978 1065 4027 Patribus
1084 3977 1186 4045 aperire
1205 3977 1295 4040 vellet,

186 4056 218 4119 ti,
226 4056 273 4104 sed
285 4056 346 4119 quia
356 4057 440 4104 nollet
456 4056 586 4105 delatores
597 4057 665 4119 illos,
675 4068 721 4106 seu
759 4055 908 4119 sineretque
936 4055 1001 4102 tales
1034 4052 1193 4115 suspiciones
1222 4053 1293 4103 demi

184 4130 317 4182 ministros
327 4130 583 4193 facinorum‚abonis
594 4140 621 4182 et
630 4133 720 4182 hones·
760 4131 884 4195 diluique.
927 4129 996 4178 Nam
1018 4128 1062 4193 qni
1083 4127 1215 4189 metuitur,
1239 4143 1298 4181 non

186 4206 720 4273 tirepprinri,ueque·etiamsmalis,niei
758 4207 848 4257 statim
870 4216 929 4255 reas
951 4212 1073 4269 receptus
1094 4212 1144 4266 est,
1161 4204 1207 4253 sed
1230 4205 1298 4256 licetz
1320 4234 1324 4237 -

184 4285 289 4352 qnando
300 4291 328 4335 et
337 4292 464 4350 quatenns
475 4285 531 4351 ipse
539 4285 629 4345 veliet.
705 4312 708 4319 ·
760 4279 1297 4347 movereesettuerenttnsspiclmne
