3075 4917
177 407 223 476 [n
234 406 336 460 marc.
350 403 489 470 r.c.ss.]
540 399 747 452 auuaurorr
772 400 845 450 ars.
868 401 922 452 rr.
1215 375 1285 456 ὰω

218 549 276 614 62.
298 547 354 613 66.
376 544 619 629 Amphitheatri
634 563 715 609 casn
734 544 870 609 Fidenis
883 545 986 610 multa
998 545 1165 611 hominum
1178 548 1283 614 millia

179 649 352 716 debilitata
368 649 423 714 vel
453 648 582 712 obruta.
636 647 690 711 64.
724 648 779 712 65.
811 642 933 712 Romae
961 648 1148 713 incendium
1176 649 1284 714 deurit

95 817 97 821 ,
180 751 326 817 Goelium
339 755 491 816 montem.
535 748 591 813 66.
611 747 722 814 Varus
737 753 923 815 accusatur.
965 748 1020 814 67.
1042 748 1205 834 Princeps
1216 750 1283 818 Ca·

180 873 279 937 prees
300 855 336 917 in
354 851 499 917 insulam
525 870 563 916 se
586 850 690 916 obdit.
720 851 875 916 ’68-76.
895 850 1005 915 'iltius
1028 850 1171 917 Sabinus
1194 855 1284 938 turpi

178 954 296 1019 fraude
325 953 569 1018 circumventus
599 951 771 1016 damnatur
793 952 880 1035 ipsis
905 953 982 1016 anni
1011 953 1184 1021 Kalendis,
1227 957 1283 1021 71.

180 1055 334 1121 Tiberius
345 1060 485 1118 mentem
498 1072 594 1118 suam
607 1053 732 1118 recludi
746 1054 942 1137 indignatur.
986 1054 1082 1120 Julia
1093 1060 1203 1141 neptis
1212 1056 1285 1122 Art-¹·
1307 1065 1312 1070 ’

182 1156 268 1238 gusti
283 1157 365 1221 obit.
409 1157 464 1221 72.
489 1156 627 1233 Frisios,
638 1154 727 1238 quod
741 1175 841 1220 avare
855 1155 972 1235 habiti,
982 1158 1187 1237 rebellantes,
1229 1159 1284 1225 73.

181 1256 222 1321 Ι..
238 1255 408 1341 Apronius
421 1276 605 1342 repressum
619 1257 658 1334 it,
673 1275 793 1339 parum
802 1256 953 1325 feliciter.
993 1261 1049 1344 ⁷5¹·
1066 1259 1190 1344 Turpis
1201 1262 1285 1326 adn·

179 1358 263 1423 latio
293 1357 444 1425 Senatus.
487 1357 602 1444 Sejani
631 1361 828 1441 arrogantia.
871 1361 925 1424 75.
956 1360 1016 1425 Cn.
1042 1357 1212 1427 Domitius
1234 1362 1285 1428 A-

181 1460 379 1544 grippinam,
395 1460 586 1526 Germanici
601 1459 715 1539 filium,
732 1461 856 1545 accipit
870 1480 1018 1527 uxorem.
1062 1463 1151 1531 Haec
1166 1483 1286 1532 sexan-

181 1561 319 1626 niosere
334 1567 439 1645 gesta,
814 1629 817 1648 p

315 1682 348 1729 o.
372 1681 517 1743 astuto,
541 1681 573 1728 c.
597 1679 776 1730 surrento
800 1682 898 1732 cose.

312 1784 503 1831 conuento
526 1782 711 1843 carnaco,
728 1784 903 1833 visanum
920 1755 1125 1835 vinnons(

313 1883 423 1933 cosso
447 1884 636 1944 nsurnno,
660 1883 791 1931 Asrmo
815 1886 991 1935 acnrrra.

313 1986 372 2033 cu.
396 1985 573 2033 nnuruno
597 1984 741 2032 emron.
765 1988 797 2032 o.
821 1987 1009 2037 osavrsro.

314 2088 354 2134 rr.
378 2087 523 2135 nrcruro
548 2085 699 2149 cnosso,
724 2088 994 2143 montenusio
1019 2093 1164 2145 rrsous.

312 2190 372 2240 Ar.
394 2188 509 2240 suurn
533 2188 685 2250 stanno,
710 2190 742 2236 Ρ.
768 2189 869 2239 srnro
892 2193 1036 2242 nuova.

187 2609 247 2703 C.
269 2625 420 2705 ustum,
443 2628 482 2693 G.
498 2605 769 2696 Antistio'Coss.
788 2648 896 2694 nonus
916 2628 1050 2692 Tiberio
1074 2647 1181 2694 annus
1205 2638 1289 2698 erat·

186 2731 397 2816 compositael
409 2732 511 2818 Beip.
525 2733 670 2798 florentis
684 2732 803 2797 domus
822 2732 916 2817 (nam
936 2731 1127 2796 Germanici
1151 2739 1289 2800 mortem

218 2897 248 2945 C.
264 2897 359 2960 Asinio,
377 2899 406 2947 C.
422 2895 529 2947 Antistio
544 2897 682 2962 cousrdilms,
700 2913 776 2948 noum
794 2897 887 2947 lilerio
911 2896 1045 2946 volvebatur
1068 2900 1289 2959 enumerandum

184 2958 288 3028 inperii,
298 2961 509 3024 uigmlirsams'lia
516 2965 618 3028 (quippe
627 2964 764 3013 Gmnmnr'ci
775 2963 875 3012 exitium
882 2962 946 3011 iuter
953 2964 1066 3012 uramus
1072 2977 1111 3011 rer
1118 2966 1256 3012 numerabat
1263 2981 1272 3024 5
1273 2966 1290 3025 )

697 3091 809 3143 NOTAE

217 3207 231 3236 ⁸
247 3202 332 3253 Nouus
352 3203 443 3253 liberii
461 3219 537 3254 nsum
557 3205 620 3268 erat]
647 3206 717 3256 Nam
757 3203 919 3254 consulatum
939 3204 969 3252 C.
988 3201 1093 3251 Asinius
1117 3202 1147 3254 C.
1164 3201 1290 3252 Antistius

188 3278 344 3343 quatuorilli
352 3294 452 3330 menses
462 3280 517 3344 ejus
528 3283 597 3346 anni,
606 3297 656 3346 quo
666 3282 717 3331 dno
756 3280 885 3329 inierunt:
902 3279 949 3329 sed
960 3278 1043 3327 adhue
1053 3278 1173 3329 currebat
1184 3287 1291 3344 quartus

188 3355 261 3404 Sexti
289 3355 429 3419 Pompeius
459 3363 488 3406 et
508 3356 637 3421 Apuleius
658 3372 726 3406 con-¹
757 3356 819 3404 noni
832 3354 1006 3404 annimeusis.
1023 3354 1133 3404 Freimlr.

188 3432 257 3481 sales
267 3430 383 3495 fuerumt,
394 3448 446 3482 non
460 3441 627 3483 numerantur
637 3435 664 3483 in
674 3448 718 3483 an·
789 3429 802 3463 ³
820 3430 973 3494 Composita]
990 3431 1083 3493 Neque
1095 3432 1195 3495 reipub.
1212 3434 1292 3496 poeui-

187 3506 227 3556 nis
238 3508 347 3557 Tiberii.
371 3508 432 3558 Fuit
443 3516 529 3559 autem
539 3511 581 3559 hic
593 3524 674 3559 annus
685 3510 718 3559 ab
759 3506 838 3556 tendo
854 3513 934 3569 statu,
950 3513 978 3556 et
994 3507 1111 3571 inprimis
1128 3508 1196 3557 domi
1220 3525 1292 3573 pros·

188 3582 253 3631 urbe
264 3584 369 3633 condita
379 3589 451 3647 ⁷⁷5&
467 3592 598 3638 utauctor
614 3593 655 3639 est
666 3588 719 3637 Pli·
759 3597 838 3647 pera;
858 3581 964 3631 fortuna
979 3598 1039 3632 nam
1056 3584 1125 3632 inter
1141 3599 1183 3632 res
1200 3600 1291 3636 secun·

186 3658 245 3708 nius
256 3660 274 3708 l.
288 3673 390 3710 xxxin.
402 3666 427 3711 1.
759 3660 806 3708 das
827 3666 937 3708 mortem
960 3659 1108 3710 Germanici
1131 3662 1292 3715 numerabat.

220 3736 315 3799 Nouus]
332 3737 443 3790 <luridum
453 3740 565 3803 mamus,
581 3741 628 3791 sed
643 3741 717 3791 falso.
759 3736 868 3786 Freinsl,
1164 3738 1171 3752 '

188 3813 341 3878 Quanquam
360 3815 428 3864 enim
446 3818 638 3867 connumeratis
658 3818 719 3867 Sex.
772 3812 937 3875 'Cenrpcsiloe
957 3812 1060 3877 reipub]
1090 3812 1159 3862 Nam
1180 3812 1205 3861 in
1228 3813 1291 3864 urbe

188 3890 315 3954 Pompeio
336 3889 502 3958 Apuleioque
524 3894 598 3943 Coss.
626 3893 721 3944 decimi
760 3896 853 3952 pacata
865 3894 939 3938 erant
950 3890 1043 3951 omnia,
1059 3894 1088 3937 et
1104 3890 1292 3941 externabella

188 3959 216 4014 hl
233 3964 331 4016 suerint
346 3968 472 4033 eonsules,
490 3985 523 4019 ex
541 3970 722 4035 quoliberius
760 3966 860 4016 virtute
881 3966 1027 4016 Germanici
1045 3966 1188 4030 composita
1207 3963 1291 4018 erant',

189 4040 362 4105 principatum
381 4050 540 4108 susceperat,
555 4051 643 4094 tamen
659 4059 722 4095 nun·
761 4042 822 4091 Non
832 4041 1091 4090 a'liberioinductam
1102 4041 1293 4107 quietemque

189 4115 249 4167 dum
261 4120 348 4169 exacti
359 4127 432 4170 erant
443 4135 535 4170 novem
547 4120 607 4171 anni
627 4135 650 4171 s.
661 4134 720 4172 xrv.
762 4118 810 4167 sub
828 4117 945 4181 Augusto
969 4118 1077 4168 rnaxime
1094 4118 1228 4184 floruerat,
1245 4119 1294 4171 sed

189 4190 243 4242 erl.
260 4192 394 4257 Septemb.
414 4210 464 4259 quo
481 4195 524 4245 die
536 4194 666 4260 Augustus
677 4197 722 4246 de·
761 4200 941 4251 conservatam
952 4196 1032 4245 sentit
1040 4195 1154 4246 Tacitus.

185 4277 305 4332 cesserat
321 4270 354 4320 ad
371 4271 425 4322 Cal.
443 4268 597 4324 ianuarias:
625 4272 721 4340 quibus
