3075 4917
359 781 424 882 u.
466 779 1129 911 coumnurruucrm

725 1020 775 1066 AB

415 1197 663 1280 Excusso
689 1200 812 1279 urvr
839 1202 1085 1282 nunusrr
1139 1317 1142 1326 μ
1257 1215 1260 1218 ·

285 1432 1299 1660 AXNNALIUM-

522 1761 689 1838 LIBER
712 1764 981 1849 QUARTUS·

607 1985 890 2061 Q

502 2230 823 2317 nr'mvruar'r'rnr
847 2231 994 2317 niani.

236 2402 329 2476 Cur.
345 2409 377 2472 1.
399 2406 557 2472 Tiberius
572 2410 683 2475 saevit.
727 2409 840 2475 Causa
854 2411 1036 2496 penesAEl.
1059 2410 1229 2496 Sejanum,
1242 2428 1301 2479 cu·
1411 2467 1413 2470 ,

193 2512 253 2597 jus
284 2511 449 2595 ingenium
472 2515 506 2575 et
530 2531 650 2576 mores.
695 2512 727 2577 2.
747 2513 789 2577 ·Is
813 2514 856 2602 ad
874 2514 1140 2577 vdominationem
1165 2516 1302 2598 aspirat,

198 2626 265 2699 quo
277 2619 316 2677 ut
329 2614 508 2698 perveniat,
535 2612 654 2700 Romae
670 2615 706 2677 in
721 2621 830 2679 eastra
840 2605 1013 2694 Praetoria
1026 2615 1162 2678 militem
1177 2616 1302 2682 condu-

197 2716 254 2781 cit.
298 2715 332 2780 3.
365 2715 489 2794 Druso,
512 2714 638 2780 Tiberii
663 2716 745 2792 filio,
772 2715 947 2779 insidiatur
971 2735 1032 2800 per
1055 2736 1194 2781 uxorem
1217 2719 1302 2803 ejus,

96 2884 99 2891 ,
197 2822 313 2900 stupro
326 2815 498 2899 pollutam.
542 2817 576 2880 4.
600 2817 730 2882 Drusus
754 2816 947 2881 Germanici
969 2823 1083 2899 togam
1097 2819 1224 2883 virilem
1245 2835 1303 2883 su-

197 2918 268 2981 mit.
323 2916 439 2982 Status
469 2901 636 3001 publicus,
665 2923 820 2983 numerus
843 2919 1022 3001 legionum,
1067 2921 1099 2983 5.
1129 2940 1241 2985 earum
1269 2924 1303 2984 et

147 3040 153 3051 ¹
197 3020 381 3084 cohortium
397 3025 437 3082 'et
454 3021 616 3084 classium
636 3023 714 3085 loca
734 3022 953 3103 exponuntur.
997 3022 1029 3085 6.
1054 3020 1172 3086 Civilis
1196 3023 1304 3087 admi·'

197 3122 345 3187 nisnatio
360 3120 469 3204 qualis
479 3121 654 3186 hactenus,
700 3125 734 3187 7.
757 3123 898 3206 Sejanus
922 3123 1101 3207 potentiam
1116 3130 1223 3206 auget,
1266 3124 1301 3188 8.

197 3224 327 3287 sublato
352 3227 412 3306 per
425 3229 591 3287 'venenum
619 3226 741 3289 Druso.
784 3224 938 3288 Tiberius
967 3226 1113 3289 animum
1137 3225 1301 3305 obfirmat,

197 3322 354 3387 Senatum
368 3324 474 3406 erigit,
500 3326 597 3408 eique
610 3325 698 3391 filios
714 3326 905 3390 Germanici
930 3327 997 3389 duo
1021 3315 1238 3404 commendat,
1264 3332 1302 3392 ut

196 3426 326 3508 imperii
340 3425 500 3489 haeredes
544 3427 578 3492 9.
603 3426 717 3490 Funus
733 3428 844 3490 Druso
865 3426 1002 3491 illustre.
1047 3426 1100 3490 10.
1122 3425 1176 3490 11.
1200 3426 1302 3491 Falsa

197 3524 239 3590 de
254 3523 357 3592 Drusi
371 3528 415 3590 ab
436 3528 571 3590 incauto
595 3531 690 3610 patre
709 3528 817 3590 necati
841 3526 942 3590 sama.
987 3527 1040 3591 12.
1063 3525 1188 3609 Populi
1206 3527 1302 3592 favor

197 3627 276 3692 filiis
292 3627 481 3692 Germanioi
502 3629 639 3692 noxius..
681 3629 730 3692 Iis
744 3634 777 3692 et
792 3628 988 3712 Agrippinae
1005 3630 1146 3713 Sejanus
1160 3628 1300 3694 insidias

197 3730 303 3794 struit.
488 3791 491 3796 .

173 3839 176 3844 ‘
239 3830 294 3895 13.
316 3830 470 3896 'liberius
483 3833 663 3914 legationes
678 3837 711 3897 et
725 3833 959 3898 accusationes
975 3834 1144 3898 civitatum
1167 3839 1201 3897 et
1222 3853 1300 3916 pro‘·
1424 3901 1426 3904 ,

197 3934 383 3999 vinciarum
406 3934 510 4000 audit.
553 3934 608 3999 14.
632 3936 685 4001 De
701 3936 805 4019 asylis
829 3941 959 4014 autum3
983 3934 1175 4000 Histriones
1199 3934 1302 3999 Italia

198 4035 299 4116 pulsi».
352 4025 406 4099 15.
430 4033 526 4100 Alter
556 4056 601 4100 ex
627 4037 739 4100 llrusi.
757 4037 872 4101 liberis
900 4037 982 4101 obit.
1036 4033 1122 4099 Item
1149 4034 1301 4099 Lucilius

199 4134 344 4219 Longus,
374 4136 541 4221 Principis
570 4139 712 4205 amicus.
766 4136 890 4223 Capito
920 4138 1105 4202 damnatus.
1148 4138 1203 4205 16.
1226 4136 1303 4202 Lex

198 4235 266 4305 latu
278 4236 322 4305 de
337 4237 487 4307 Flumine
501 4239 607 4310 Diali.
641 4241 836 4311 Vestalibus
845 4240 980 4309 habitus
992 4238 1112 4308 honosae
