3075 4917
228 397 307 489 ‘71⁶⁷'
560 405 592 475 b.
615 411 803 476 deaurari·
822 415 972 473 uacant
1172 418 1339 491 [stoma

731 565 839 617 NOEAE

227 669 342 742 juditio,
356 673 420 725 nibli
437 672 482 739 bie
497 672 530 726 de
541 672 627 739 primu
635 672 764 737 Augusto,
802 671 872 737 quod
882 670 950 721 dixit
961 669 1095 736 Angustus
1106 683 1166 720 earn
1177 669 1235 719 alea
1243 666 1338 718 ludens

230 751 376 805 de'l'iberio
393 752 449 816 ipso
460 764 543 800 sermo
553 757 611 810 est;
629 748 657 798 et
666 748 708 798 bie
718 749 763 798 de·
802 747 857 797 suis
882 746 972 798 amieis
996 753 1030 796 et*
1050 744 1219 797 collusoribus
1244 757 1335 800 manus

231 829 312 895 nlque
323 825 458 877 avaritiam
469 826 524 891 ejus
542 824 708 875 sererelasse
721 838 763 874 an·
803 836 875 885 saepe
902 822 1057 872 remitteret.
1094 820 1177 870 Patet
1199 820 1278 868 etiarn
1301 834 1336 867 ex

229 897 278 958 tea
302 894 436 955 oecultum.
485 903 610 965 Legerem
636 915 684 968 pro
710 897 761 950 boe
804 896 891 946 Plinio
901 897 921 946 1.
939 903 1023 946 xvtrr‘.
1033 900 1061 945 6.ι
1081 889 1132 945 ‘Ia
1144 894 1234 943 Tatius
1251 891 1336 942 Rufus

229 978 423 1042 tensnAagruti
436 978 571 1027 enemim
589 978 673 1040 snpra
688 977 761 1026 'laei-
802 971 891 1022 intima
908 972 1031 1022 natalium
1046 971 1201 1033 bumilitate,
1218 970 1340 1020 emsnlax

230 1055 378 1117 usdtxit,‘
390 1054 522 1104 Tiberium
543 1052 665 1103 adversus
683 1066 767 1115 poene
804 1058 860 1099 tuns
873 1049 979 1100 militari
996 1048 1123 1099 industris
1140 1047 1335 1111 meritus,anti·

187 1177 191 1182 ,
230 1132 300 1184 niam
310 1131 372 1181 satis
382 1130 483 1179 firmum
492 1126 570 1178 fuisse
579 1126 596 1178 ι’
613 1119 640 1177 et
650 1126 713 1177 alibi
723 1127 760 1177 rie
803 1142 861 1192 quae
873 1127 936 1175 alias
947 1119 1234 1190 parcimoniae‚eireiter
1242 1123 1337 1173 millies

232 1211 358 1269 attendit.
390 1209 496 1274 anuas
582 1248 585 1252 ,
802 1202 858 1253 HS.
867 1202 1024 1253 liberalitate
1035 1201 1090 1250 diri
1102 1201 1212 1265 Augusti
1228 1214 1337 1264 conges-

249 1331 253 1338 .
275 1288 326 1338 Sed
351 1279 480 1336 liberalitas
500 1277 617 1350 dagam]
650 1285 762 1349 comp.
803 1283 868 1342 tum,
887 1278 1019 1343 usquead
1040 1276 1256 1327 detrectationem
1278 1261 1339 1341 (alii

232 1367 276 1414 aas
282 1362 343 1412 mibi
351 1361 454 1411 videtur
465 1363 550 1411 loeus:
562 1361 584 1410 si
596 1367 681 1411 tamen
692 1367 722 1411 nt
733 1376 761 1412 se
801 1355 893 1419 legunt
902 1351 1103 1424 detraetionem)
1111 1352 1232 1415 haeredis,
1241 1352 1341 1421 erbam

231 1438 313 1490 ltabet
330 1436 506 1487 defendendus
523 1429 567 1498 sit,
584 1436 668 1486 innuit
682 1437 762 1501 pluri·
803 1431 847 1494 sit,
858 1432 968 1495 agrosin
979 1430 1079 1480 Piceno
1090 1429 1239 1494 coemendo,
1249 1429 1337 1480 colen·

188 1559 191 1566 .
229 1509 274 1563 r'na
289 1506 434 1575 Augustani
454 1511 523 1561 Siliox
539 1510 682 1561 liberaliter
700 1512 763 1561 olim
803 1508 927 1573 doqnein
939 1506 1065 1572 gloriam?
1334 1527 1336 1534 v

230 1588 301 1640 dono
328 1589 440 1651 dedisse,
458 1601 552 1651 nempe
572 1588 670 1650 hortos,
689 1589 761 1637 villas
835 1586 1023 1636 Sedliberolitas
1032 1586 1138 1647 Argaei
1146 1582 1237 1647 musa]
1252 1581 1296 1633 Sic
1307 1587 1338 1633 et

228 1677 353 1726 umoenas,
363 1669 391 1714 et
406 1663 507 1726 similia,
518 1678 626 1727 quorum
637 1662 763 1713 ariditate
802 1664 863 1712 Tae.
875 1663 893 1711 l.
906 1676 925 1711 r.
938 1662 1009 1711 Hist.
1027 1661 1088 1711 ‘bis
1104 1666 1133 1710 et
1152 1660 1231 1709 vicies
1241 1658 1336 1709 millies

229 1747 316 1791 notus
327 1739 444 1791 'liberius
462 1740 492 1787 iu'
507 1739 565 1788 ffrlii
581 1739 759 1789 bonasaviit:
800 1738 948 1788 sestertium
959 1735 1140 1787 donationibus
1151 1732 1336 1795 Neroeffudss
1368 1757 1373 1768 ·

133 1839 136 1842 ·
229 1816 383 1880 ornaritque
397 1814 543 1879 computari
562 1814 709 1877 singillatim
728 1830 761 1866 ea
800 1820 857 1863 ret:
869 1813 994 1877 appellari
1005 1812 1118 1875 singulos
1124 1810 1206 1874 jussit
1214 1807 1336 1875 (Galba),-

228 1891 316 1941 omnia
335 1890 394 1955 que
408 1890 473 1940 fiseo
484 1889 648 1954 petebantur,
663 1898 693 1941 ut
711 1893 760 1942 sei·
800 1890 901 1940 decima
916 1887 1163 1954 parteliberalitat'rs
1171 1887 1336 1951 apudquem·

228 1965 294 2018 lieet
320 1968 390 2017 inter
411 1968 455 2017 illa
481 1967 761 2031 comprehenderentur
801 1977 954 2029 queeorum
972 1962 1081 2013 relicta!
1115 1963 1180 2012 Cum
1197 1961 1272 2011 Silius
1288 1960 1337 2016 tie,

228 2041 309 2094 etiarn
318 2041 431 2106 Augusti
442 2042 517 2093 dona.
549 2042 634 2091 Alium
648 2056 760 2106 sensnm,
800 2047 872 2091 reret
881 2039 1058 2091 inGernrania
1066 2036 1335 2102 legatusGermauiei‚
1396 2067 1400 2072 ·

228 2115 341 2168 sonasse
361 2133 412 2167 uon
434 2117 582 2177 absurdum,
600 2119 760 2182 excogitavit
799 2118 869 2168 band
888 2117 965 2168 dubie
984 2132 1018 2167 ex
1040 2120 1197 2167 testamento
1213 2112 1337 2177 Augusti,

228 2194 382 2243 Francisens
399 2193 549 2256 Venturius,
573 2191 691 2244 seilicet:
713 2196 760 2246 sed
800 2194 841 2242 vel
850 2193 936 2256 aliter,
947 2190 1132 2241 liberalitatem
1146 2189 1257 2253 aliqum
1267 2188 1336 2239 aeci·

227 2268 378 2331 liberalitas,
389 2268 583 2334 qnsAngnetus
594 2284 760 2335 utrumquem·
800 2283 864 2333 pere
882 2267 984 2332 debuit,
1000 2268 1043 2317 vel
1061 2268 1117 2332 Jam
1138 2271 1293 2330 acceperat:
1312 2266 1337 2316 si

229 2353 281 2409 que
289 2344 407 2394 Tiberius
419 2358 499 2407 nsque
517 2344 557 2394 ad,
567 2344 625 2394 haee
642 2350 760 2409 tempora
799 2346 914 2397 nondum
925 2350 1075 2410 receperat,
1084 2350 1171 2393 tamen
1179 2343 1268 2391 avulsa
1278 2347 1335 2401 αῖς

226 2419 345 2470 imitatus
358 2419 409 2482 est,
423 2423 478 2467 ten
497 2418 611 2482 primunr
627 2430 760 2486 corruptas
800 2421 822 2470 si
842 2427 991 2486 receperat,
1008 2420 1098 2472 itidem
1120 2419 1210 2470 avulsa
1230 2423 1259 2468 et
1274 2418 1334 2468 sub·

229 2493 346 2550 Pithoe-
461 2521 463 2526 v
800 2503 896 2566 traete,
929 2512 979 2547 nec
999 2487 1074 2561 euasi
1097 2495 1279 2545 numerabatur
1306 2494 1336 2544 in

261 2569 351 2622 Areua
375 2570 504 2622 liberaliter
521 2571 639 2636 Augusti]
671 2574 760 2625 Vertit
799 2573 874 2626 bonis
888 2574 955 2635 Silii,
965 2574 1027 2638 qnia
1044 2572 1112 2623 forte
1131 2587 1184 2621 uon
1201 2570 1335 2622 confirma·

228 2639 340 2700 Ablana.
351 2648 425 2711 quasi
445 2648 484 2698 sie
503 2648 654 2700 redemisset
672 2643 760 2701 facile·
800 2660 855 2703 turn
870 2645 934 2701 illud
946 2649 1101 2700 beneficium
1111 2664 1127 2699 a
1137 2662 1203 2699 noso
1214 2649 1335 2716 principe

228 2734 282 2786 qne
302 2721 422 2771 solvisset
440 2722 558 2772 'liberius
580 2725 695 2794 legatum
705 2724 759 2777 Am
798 2722 1335 2791 Tiberimquodnovnminventum,etinter

229 2796 310 2861 gusti,
323 2797 393 2861 quud
404 2797 488 2847 adime
498 2799 642 2849 debebatur
651 2801 725 2852 Silio.
799 2810 869 2856 artes
879 2804 976 2857 'liberii
987 2803 1046 2866 fult,
1065 2809 1134 2853 teste
1144 2804 1216 2852 Suet.
1233 2802 1296 2852 Tito
1306 2806 1339 2852 8ο·

233 2913 237 2920 .
261 2870 667 2938 montemmaranum]
691 2877 758 2928 Ver·
797 2878 924 2930 ‘Natura
952 2887 1039 2929 autern
1066 2876 1335 2940 benevolentissimae,

227 2946 264 2998 tit
274 2945 404 3011 interpres
420 2947 538 2998 Galliena
554 2949 625 3013 quasi
640 2948 758 3004 moestus
792 2952 1133 3006 'eumexinstitam'riberii
1144 2951 1345 3003 omnesdebine‘

228 3022 362 3087 aeeeperit
383 3029 485 3087 partem
504 3023 627 3074 bonorum
645 3025 710 3088 Silii,
728 3032 759 3077 nt
789 3029 917 3080 'emeres
926 3029 1077 3080 benetieiaa
1088 3027 1265 3091 superioribus
1273 3041 1335 3077 eon·

226 3096 291 3148 iude
308 3097 472 3162 largitionem
489 3112 536 3148 sen
551 3100 639 3163 legata
648 3099 760 3165 Augusti
801 3117 876 3153 cessa
886 3103 1060 3168 principibus,
1070 3102 1148 3152 aliter
1159 3107 1218 3151 ratu
1228 3116 1278 3151 non
1290 3102 1335 3151 ba·
1378 3135 1381 3138 -

226 3173 343 3224 nondum
358 3175 477 3248 exsoluta
498 3174 669 3236 persolveret.
709 3177 761 3228 Sed
802 3179 905 3243 berent,
915 3194 992 3244 quam
1003 3180 1026 3229 sl
1036 3178 1127 3229 eadem
1138 3177 1230 3227 iisdem
1244 3184 1272 3227 et
1283 3177 1334 3241 ipsi

227 3247 290 3312 quid
301 3262 364 3311 opes
374 3248 440 3311 sitii,
453 3249 569 3312 quamvis
579 3248 709 3318 ingentes,
726 3253 762 3303 ad
802 3254 945 3315 dedissent,
960 3255 1065 3320 primus
1092 3252 1226 3317 praeterita
1246 3253 1333 3309 omnia

226 3327 311 3371 tante
332 3322 408 3372 molis
427 3322 599 3388 largitionem,
620 3340 672 3390 qua
690 3327 760 3378 eires
801 3330 1089 3382 confirmaritfediotoa
1115 3343 1164 3379 nee
1185 3342 1202 3377 a
1224 3342 1254 3377 ee
1274 3329 1333 3393 peti

225 3395 334 3458 uiritim,
344 3397 512 3460 praetorianos
521 3399 636 3449 etetiarn
644 3402 760 3465 legiones
798 3420 888 3472 passus
903 3403 961 3455 eet’
1010 3457 1013 3462 ,

226 3467 393 3521 demeruerat
411 3470 560 3536 Angustus?
592 3474 707 3542 diamur,
722 3479 760 3529 tm
832 3481 977 3530 Hbmlitas
995 3479 1112 3543 Armua]
1145 3477 1212 3529 Mihi
1230 3483 1333 3530 eertum

227 3548 331 3609 terpres
347 3545 488 3612 Hispanus,
504 3551 610 3613 vertit,‘
621 3553 693 3615 quasi
704 3560 760 3604 tum
800 3562 842 3606 est
860 3557 894 3607 de
904 3556 989 3620 primo
1000 3556 1119 3620 Augusto
1135 3570 1279 3607 sermonem
1290 3555 1334 3606 bie

203 3677 209 3688 ‚
227 3617 345 3671 exonera
355 3621 393 3671 sie
404 3622 541 3687 excisaque
551 3625 656 3688 penitus
666 3627 761 3695 libera·
800 3647 866 3696 esse,
887 3647 939 3682 non
960 3632 992 3682 de
1012 3632 1129 3696 Tiberio,
1147 3647 1223 3697 quem
1241 3636 1333 3681 noster

224 3695 287 3746 litas
303 3696 434 3761 Augusti!
474 3700 647 3751 Dareusatius
666 3703 759 3769 Italus,
800 3722 926 3774 nusquam
935 3706 1080 3772 Augmtenr
1097 3708 1213 3759 nominat
1234 3722 1333 3757 exeam

226 3772 321 3836 ‘qnasi
331 3771 464 3837 Angustus
482 3773 569 3825 debita
587 3777 673 3843 aliqua
683 3780 759 3829 remi·
798 3799 920 3849 persona.

223 3845 304 3900 tieret
322 3847 402 3912 stlto;
426 3863 484 3914 quse
507 3849 650 3904 liberalitas
671 3857 759 3907 avulsa
830 3860 939 3911 Sensum
950 3875 1028 3925 porro
1045 3862 1121 3926 hujus
1143 3861 1245 3925 periodi
1262 3857 1331 3912 bane

224 3919 265 3972 illi
286 3929 316 3973 et
336 3924 440 3975 ademta
460 3931 516 3976 turn
536 3943 553 3977 a
569 3927 674 3981 'liberio
691 3927 760 3999 futu
798 3934 1331 4000 „separemutdieatmnamsittise-
1381 3939 1395 3966 ⁸

223 3995 403 4087 ‘⁰⁰mllfliffffl
414 3990 580 4087 ‘lllssfflssfims'
589 4006 639 4056 &b
798 4011 881 4062 vitum
890 4026 963 4061 esse:
980 4025 1032 4061 nou
1041 4018 1072 4061 nt
1089 4011 1262 4062 redderentur
1272 4027 1332 4076 pro·

259 4071 341 4123 (ἶθῐῑθ
351 4075 541 4126 ¹¹b⁰¹²l¹⁸⁸¹m11⁸
552 4076 759 4146 fuitAugustus,
798 4087 1025 4152 errantiumque
1044 4081 1108 4151 ipsis
1125 4084 1273 4151 eripuisset,
1282 4076 1331 4138 sed

227 4153 259 4203 nt
267 4151 344 4211 patet
355 4164 389 4200 ex
398 4151 439 4238 bis
450 4152 521 4216 apud
536 4153 645 4207 Sueten.
654 4159 758 4214 vernias
799 4169 829 4213 ut
847 4170 1014 4229 repeteretur
1026 4162 1148 4227 pecunia,
1164 4177 1241 4229 quarn
1251 4177 1284 4213 ex
1299 4165 1332 4217 ri,

218 4217 307 4292 {210⁸
314 4216 760 4313 mebtflteuitasefferstineoelumss
798 4231 936 4301 beralitate
955 4237 1070 4318 Λιμοῦ
1094 4253 1167 4300 euru·
1178 4238 1255 4307 silas„
1273 4246 1330 4298 tarn
