3075 4917
191 394 331 457 noea]
540 387 746 438 aunarium
774 387 846 436 ura.
870 385 921 434 iv.
1226 363 1293 437 673

188 537 275 604 intra
302 552 431 618 paucos
456 532 594 628 libertus
616 530 753 596 domna:
777 550 832 606 ac,
856 530 886 593 si
909 527 1044 613 quando
1064 549 1139 594 uum
1151 507 1292 613 privatis

189 635 403 719 disceptaret,
418 634 526 698 forum
536 639 569 697 et
580 634 660 717 jus.⁶
704 632 793 714 Qnae
807 635 939 708 cuncta,
953 650 1019 695 non
1040 631 1175 721 quidem
1189 632 1289 696 comi¹
1306 673 1313 691 .

190 820 273 865 mter:
291 822 315 865 et
328 818 356 869 ‚si
365 816 490 879 adeunde
499 831 551 864 curn
559 815 663 879 prtum
671 830 722 866 mr
731 829 773 866 tert
789 814 856 862 tem
866 809 1058 876 &detruserunt
1068 813 1198 874 etjudt'cer.
1232 814 1293 870 Qun

653 957 711 978 un
714 956 832 976 ΙΝΝΝΟ

222 1050 236 1093 1
255 1044 326 1102 Vere
347 1048 376 1092 et
394 1046 528 1107 eleganter
546 1044 654 1093 dictum.
688 1042 781 1104 Neque
799 1019 876 1088 aliter
893 1039 996 1088 Plinius
1015 1019 1103 1088 xxixv.
1115 1043 1140 1089 4.
1155 1039 1292 1091 ‘Tiberius

190 1109 281 1163 ,Cesar
291 1109 394 1158 minime
411 1109 491 1158 comis
510 1106 666 1174 imperator!
697 1105 815 1162 Pessime
827 1117 890 1167 ergo
909 1102 1043 1166 Acidalius
1055 1103 1186 1168 emendat,
1196 1119 1248 1154 cunr
1258 1104 1291 1156 ei.

191 1174 298 1222 Brrtier.

691 1231 798 1283 NOTAE

190 1344 253 1394 Etl.
263 1357 284 1392 1.
302 1344 358 1392 ‘Et
376 1343 421 1392 ille
439 1342 512 1391 varie
528 1341 673 1391 disserebat
688 1340 722 1389 da
762 1348 877 1413 phroditi
887 1363 971 1409 servo,
986 1352 1175 1410 posteasutore
1185 1346 1294 1398 Caesaris

190 1419 367 1483 magnitudine
383 1418 494 1481 imperii,
514 1432 561 1466 sua
579 1416 722 1465 modestia?
761 1422 844 1486 facto,
868 1423 1086 1472 narratiunculam
1107 1427 1215 1472 annotat
1231 1422 1294 1487 Lip-

191 1496 226 1545 Et
235 1494 253 1543 l.
266 1508 318 1543 ιιι.
337 1495 503 1557 ‘Magnaque
514 1495 599 1542 Deum
608 1491 723 1554 benigni·
762 1499 814 1548 ,ως
824 1514 857 1547 ex
868 1499 992 1561 Epicteto
1003 1512 1023 1547 ι,
1035 1502 1075 1546 19.

190 1579 246 1634 tate
256 1577 283 1619 et
294 1571 421 1620 modestia
432 1570 540 1633 hyemis,
551 1569 628 1618 rebus
637 1574 722 1617 extre·
794 1574 891 1626 Occiso
902 1573 1042 1624 Commodo
1052 1574 1122 1626 inter
1132 1573 1194 1624 aliu
1211 1573 1294 1623 occh-

191 1649 239 1700 rats
248 1647 423 1697 subventum?
761 1648 889 1699 mationes
900 1654 1007 1698 senatus
1020 1650 1068 1699 hoc
1079 1664 1181 1713 quoque
1191 1649 1295 1712 legitur,
1311 1653 1317 1668 ‘

223 1723 396 1772 Martialisde
405 1722 563 1785 Domitiano,
578 1721 624 1771 sed
632 1736 723 1772 vereor
760 1725 859 1773 ‘serris
886 1723 1056 1794 serriyinrus‚'
1075 1724 1143 1786 apud
1163 1724 1293 1787 Lamprid.

190 1813 224 1847 ue
235 1798 393 1859 adulatione,
404 1813 443 1849 rx.
453 1804 501 1849 81:
523 1800 531 1826 ‘
548 1798 650 1864 Oderat
661 1804 723 1847 ante.
763 1814 787 1849 c.
800 1804 840 1848 19.
858 1799 923 1848 linc
934 1793 974 1848 est
986 1800 1063 1862 igitur
1072 1799 1234 1862 immodestia
1242 1814 1295 1848 oer-

191 1876 284 1923 ducum
306 1873 414 1924 famulos
434 1875 586 1939 turbamque
610 1874 723 1937 priorum
763 1876 983 1939 vitiorum,puam
995 1875 1021 1923 in
1036 1888 1083 1922 auo
1104 1888 1177 1926 servo
1196 1873 1296 1923 retudit

191 1952 227 2000 Et
256 1949 412 2000 Pallatinmu
444 1953 524 2012 Roma
548 1948 723 2013 supercilium.
763 1952 906 2014 Adrianus,
921 1951 1050 2002 referente
1060 1952 1206 2014 Spartiano,
1217 1967 1241 2001 c.
1253 1957 1296 2006 ur.

193 2024 229 2075 At
257 2041 325 2080 nunc
347 2032 435 2076 tantus
453 2040 525 2074 amor
541 2025 651 2085 cunctis,
669 2022 723 2072 An·
762 2031 847 2080 ‘Cum
859 2029 968 2094 quodam
979 2035 1096 2092 tempore
1110 2042 1211 2078 servtmr
1222 2044 1296 2082 suum

191 2109 275 2165 grute,
284 2102 442 2161 tuorum‚Ut
452 2101 486 2150 ait
495 2101 588 2164 cuique
598 2114 650 2149 ⁸11ae
660 2113 723 2148 eura
762 2107 832 2156 luter
843 2105 906 2154 duos
922 2112 1055 2154 senatores
1067 2120 1082 2154 e
1093 2114 1233 2168 conspectu
1245 2120 1297 2156 am·

191 2175 413 2226 secundusomne·
457 2174 643 2238 Ttmpltcidae
654 2188 724 2223 ¹¹¹0ss-
762 2183 853 2232 balare
865 2182 981 2243 vidisset,
992 2182 1061 2231 misit
1071 2183 1145 2244 quiri
1158 2182 1296 2245 colaphum

192 2258 243 2314 ²⁶⁵2
257 2257 331 2300 “¹¹¹³
341 2258 381 2301 0⁸2
392 2253 537 2302 severentia
548 2250 638 2312 milii
657 2251 681 2298 Τ
682 2265 722 2299 ⁸¹¹³
740 2305 742 2310 ,
763 2259 847 2317 daret,
859 2264 887 2307 et
901 2258 1010 2320 diceret,
1025 2258 1085 2307 Noli
1104 2259 1173 2307 iuter
1184 2272 1228 2306 eos
1244 2273 1296 2307 aru·

190 2334 287 2404 pacata
309 2329 390 2392 quies,
408 2335 495 2377 tantus
518 2331 543 2378 iu
566 2343 611 2376 ore
632 2327 723 2390 pudor.
764 2334 864 2402 balare,
879 2347 985 2401 quorum
996 2348 1052 2383 csse
1063 2334 1146 2392 adhuc
1158 2340 1233 2398 potes
1244 2349 1298 2382 sor.

191 2405 348 2454 Nemorum
365 2405 434 2469 (lraec
448 2405 723 2471 astaulaeuaturapo·
765 2409 831 2472 vos?
1160 2401 1163 2406 ’

192 2482 286 2545 tentis)
296 2481 348 2530 Sed
359 2481 457 2531 domini
466 2495 550 2531 morea
563 2479 723 2529 Caesarianua
798 2477 908 2540 Modesto
928 2485 1037 2546 omniu]
1070 2484 1146 2536 Quod
1167 2500 1252 2547 rarum
1269 2490 1297 2533 ot

191 2556 288 2615 habet?
766 2560 873 2610 difficile
890 2560 949 2610 viria
975 2559 1144 2624 principibus.
1176 2559 1296 2612 Juvenal.

225 2634 309 2682 Miror
329 2648 416 2700 omnen
436 2636 541 2683 moderin
557 2632 657 2682 seruitio
675 2646 724 2695 pro
765 2635 877 2685 ‘Omnis
888 2648 979 2698 magna
996 2634 1085 2682 domus
1103 2632 1182 2681 servis
1194 2639 1233 2682 est
1245 2634 1297 2697 ple·

193 2711 283 2773 paucis
295 2710 435 2773 accepisse.
476 2710 548 2759 Nihil
559 2724 608 2772 ego
619 2715 724 2757 cuncta·
764 2723 799 2759 na
821 2708 966 2775 superbia3'
995 2716 1032 2768 et,
1060 2714 1090 2757 ut
1110 2708 1147 2774 ait
1163 2710 1247 2774 Tacit.
1270 2709 1297 2759 iu

194 2774 236 2835 ius
247 2801 303 2835 aum
315 2787 347 2834 de
359 2800 500 2849 serrorum,
515 2799 566 2833 non
578 2784 611 2833 de
620 2798 725 2844 numeru,
765 2785 854 2858 Agric.
865 2785 929 2847 vita,
937 2799 1006 2847 sape
1018 2783 1144 2833 difficilius
1155 2791 1195 2836 est
1206 2800 1298 2849 regere

193 2862 238 2912 aed
259 2862 293 2909 de
311 2862 425 2909 modestia
440 2873 585 2923 exponere:
608 2858 676 2924 quod
693 2874 725 2907 ex
765 2861 897 2924 familiam,
907 2877 983 2926 quam
993 2860 1161 2926 prouinciam.
1195 2863 1298 2912 Doctus

194 2935 324 2984 contrario
337 2939 419 2998 magis
430 2936 575 2999 apparebit,
586 2936 607 2984 ai
618 2935 726 3002 aliorum
765 2939 873 3013 ‘parum
896 2936 986 2999 profici
996 2927 1088 2997 armis,
1107 2937 1130 2985 si
1142 2938 1243 2999 injuriae
1261 2952 1299 2985 se·

193 3010 390 3071 immodestiam,
410 3012 586 3073 petulantiam,
607 3025 726 3074 arrogau·
767 3019 917 3077 querentur,
940 3026 1030 3059 causas
1060 3011 1187 3077 bellorum
1206 3014 1299 3061 statuit

105 3142 111 3148 ¹
195 3085 258 3134 tiam
276 3094 395 3148 spectes,
422 3088 465 3149 qui
495 3094 635 3150 propterea
657 3086 726 3149 quod
767 3087 936 3146 exscindere3
957 3100 972 3131 a
993 3100 1019 3133 se
1037 3085 1140 3149 suisque
1153 3102 1235 3146 orsus,
1246 3087 1298 3149 pri·

194 3157 340 3223 prineipnm
355 3165 442 3209 essent
460 3161 726 3228 retroscriptarum
765 3177 833 3210 mam
855 3161 956 3208 domum
979 3176 1050 3208 suum
1076 3162 1200 3222 coercuit,
1227 3161 1296 3225 quod

191 3250 271 3304 'snper
292 3237 417 3297 ingenuos
438 3237 485 3285 sed
505 3239 727 3303 etiummagistra·
767 3237 895 3301 plerisque
913 3238 982 3285 haud
1009 3238 1094 3286 minus
1122 3239 1229 3287 arduum
1248 3246 1298 3300 est,

197 3322 236 3362 tus
245 3314 416 3363 extollebant.
435 3315 466 3363 ln
475 3315 522 3363 hoc
531 3322 692 3381 auctore,1v.
701 3319 727 3375 4.
767 3328 842 3376 quam
853 3312 1013 3375 provinciam
1025 3317 1133 3374 regere?
1156 3313 1226 3376 Ptin.
1249 3313 1300 3375 Pa·

192 3390 254 3439 -‘E0
272 3390 362 3461 venire
378 3397 475 3454 patres,
497 3389 594 3456 equea,'
611 3395 678 3441 &cr
700 3396 727 3439 et
767 3402 857 3451 negyr,
876 3388 940 3436 ‘Est
952 3387 1115 3451 magnificum
1133 3389 1201 3459 quod
1221 3394 1248 3438 te
1265 3388 1300 3437 ab

194 3478 265 3527 mor,
281 3465 335 3514 ‘ibi
346 3464 437 3527 campo
449 3471 493 3514 aut
503 3465 592 3516 littore
598 3466 728 3530 jacentes,
768 3464 836 3511 omni
848 3463 1002 3532 contagione
1012 3464 1130 3513 vitiorum
1142 3465 1259 3527 reprimis
1269 3478 1299 3514 ac

194 3533 266 3606 nulio
296 3533 453 3602 discrimine,
477 3546 579 3590 noctem
598 3541 632 3589 'ac
659 3540 728 3604 diem
768 3553 885 3601 revocas,
912 3540 957 3588 sed
988 3539 1205 3603 magnificentius,
1231 3538 1309 3604 quod,

191 3617 279 3680 juxta,
301 3616 410 3679 gratiam
427 3620 472 3665 aut
489 3615 570 3665 fastus
583 3616 729 3679 janitorum
769 3622 835 3664 tuos.
876 3616 981 3665 Quanto
998 3616 1067 3666 enim
1088 3617 1169 3680 magis
1191 3615 1299 3665 arduum

189 3690 432 3754 perpetiebantur!
462 3704 500 3742 vr.
524 3695 548 3740 8.
592 3691 729 3741 ‘Libertis
769 3696 811 3740 eat
822 3690 886 3739 alios
897 3697 1020 3753 praestare
1032 3707 1107 3761 quarn
1116 3707 1154 3753 se,
1164 3697 1238 3739 tanto
1246 3691 1300 3738 lau·

198 3781 303 3831 quoque
314 3780 345 3815 ac
353 3764 510 3828 janitoribus
517 3768 573 3833 ejus
585 3774 730 3828 notescere,
770 3766 892 3829 dubitus,
910 3767 978 3830 quod
996 3783 1054 3818 curu
1066 3769 1123 3832 ipse
1133 3768 1166 3828 sia
1179 3766 1301 3829 optimus,

196 3856 244 3906 pro
252 3842 389 3904 magnifico
399 3843 591 3908 accipiebatur:
702 3883 707 3889 .
770 3856 857 3890 omues
868 3842 938 3890 circa
950 3848 976 3891 te
987 3843 1082 3892 slmiles
1093 3844 1130 3892 tui
1141 3839 1269 3892 effecisti!

229 3919 331 3969 Seneca
339 3915 417 3981 epist.
426 3923 467 3968 rt.
485 3918 574 3988 ‘Stare
583 3926 643 3972 aute
652 3921 730 3969 limen
803 3924 815 3951 ⁶
830 3918 919 3967 Forum
927 3918 1006 3985 etjur]
1025 3918 1123 3968 Plinius
1131 3917 1199 3981 idem
1210 3918 1300 3968 laudat
1361 3971 1364 3972 ⁷

196 3993 298 4060 cultim
310 3993 442 4044 dominum
454 3994 516 4057 uidi,
531 4001 629 4062 etcum
640 3995 731 4059 quiilli
770 3995 798 4043 ln
827 3994 941 4056 'trajano
971 3994 1066 4055 Optimo
1087 3993 1212 4056 principe.
1247 3993 1302 4044 ‘At

198 4070 344 4136 impegerat
362 4071 474 4134 titulum,
490 4073 534 4135 qni
544 4072 612 4121 inter
623 4072 733 4135 rejicula
772 4068 882 4129 ,fortasse
895 4068 1043 4117 noneadem
1052 4069 1193 4133 severitate
1202 4067 1303 4134 fiscum,

196 4144 327 4209 mancipia
346 4146 516 4210 produxerat,
535 4146 593 4195 aliis
614 4147 732 4196 intranti·
772 4160 822 4212 qua
833 4144 949 4194 ararium
958 4143 1073 4205 cohibes,
1080 4144 1157 4211 imum
1167 4152 1241 4197 tanto
1249 4162 1302 4196 nra·

197 4212 380 4290 limexcludil
412 4213 463 4272 Ubi
483 4222 592 4272 similem
611 4221 644 4271 de
662 4223 731 4288 Epa·
766 4215 836 4288 j'ore,
854 4228 949 4288 quanto
966 4222 1023 4286 plus
1037 4221 1085 4274 tibi
1095 4223 1175 4275 licere
1193 4224 1226 4278 de
1248 4231 1302 4291 tuo,

264 4303 355 4386 pelplr.
369 4306 395 4366 et
409 4301 466 4362 Ver.
479 4304 545 4354 clm.
719 4304 797 4357 Tou.
1184 4309 1200 4364 ,²
1212 4306 1237 4360 U
