3075 4917
240 393 307 463 ω)
597 410 628 458 c.
652 410 832 459 conussrr
856 411 982 461 usurus
1177 413 1341 486 [numo.

241 556 389 638 alloquio
401 553 668 622 adolescentulos
676 554 903 639 deductosque
914 560 990 619 ante
999 553 1167 620 Caesarem
1178 563 1338 624 statuunt.

241 655 374 735 Quibus
395 655 635 737 apprehensis,¹
679 655 797 719 Patres
820 655 1011 737 conscripti,
1026 657 1110 734 hos,'
1125 660 1243 742 inquit,
1260 665 1270 692 ‘
1285 671 1342 724 or-'

239 760 339 823 batos
365 762 512 839 parente,
542 756 664 820 tradidi
687 763 806 839 patruo
830 756 991 838 ipsorum,
1007 765 1228 843 precatusque
1251 780 1337 838 sum,

242 878 433 944 quenquam
454 864 540 922 esset
560 859 607 920 illi
623 860 755 941 propria
771 859 917 934 soboles,
932 878 972 921 ne
993 879 1103 936 secus,
1119 879 1219 942 quum
1240 873 1337 925 suum

242 962 445 1043 sanguinem,
460 959 585 1023 foveret
610 979 649 1023 nc
675 961 813 1037 tolleret,
836 960 965 1041 sibique
987 965 1020 1023 et
1042 962 1185 1042 posteris
1209 962 1338 1027 consor-

239 1068 390 1130 maserei
434 1062 556 1143 Erepto
582 1061 705 1137 Druso,
721 1082 837 1145 preces
860 1062 903 1124 ad
925 1081 987 1125 vos
1010 1069 1173 1140 converto,
1199 1064 1338 1147 Diisquo

241 1171 274 1229 et
296 1164 405 1247 petria
427 1181 539 1225 coram
565 1162 722 1239 obtestor,
745 1161 890 1244 Augusti
914 1169 1125 1245 pronepotes,
1141 1165 1337 1230 clarissimis

240 1264 426 1347 majoribus
463 1264 603 1345 genitos,
634 1265 807 1346 suscipite,
837 1266 959 1346 regite:
988 1269 1129 1327 vestram
1162 1285 1337 1348 meamque

239 1359 346 1429 vicem
367 1366 510 1447 explete.
556 1363 606 1427 Hi
625 1364 734 1441 vobis,
752 1363 846 1427 Nero
867 1369 899 1426 et
922 1364 1043 1440 Druse,
1058 1370 1229 1446 parentum
1241 1366 1336 1446 loeo;

239 1466 288 1529 ita
308 1470 377 1529 nati
398 1469 504 1544 esns,²
525 1471 563 1529 ut
583 1467 671 1529 bona
693 1466 847 1548 molaque
868 1471 978 1530 vestra
999 1465 1042 1528 ad
1065 1465 1244 1549 Rempubl.
1260 1486 1336 1549 per·

159 1569 165 1576 '
240 1565 359 1631 neunt?

208 1687 220 1707 ⁸
283 1670 315 1732 9.
339 1666 466 1750 Magno
488 1687 530 1731 ea
543 1669 634 1744 lietu,
644 1672 682 1731 et·
691 1688 771 1732 mox
786 1670 1046 1750 precationibus
1055 1669 1184 1746 faustis,
1199 1668 1336 1733 andito:

242 1789 294 1846 nc,
309 1770 338 1832 si
352 1769 487 1832 modum
511 1770 651 1833 orationi
667 1771 847 1853 posuisset,
862 1771 1085 1835 misericordie
1099 1772 1151 1834 sui
1166 1771 1337 1858 gloriaque

242 1872 368 1935 animos
391 1870 591 1935 audientium
620 1872 832 1955 impleverat:
859 1872 903 1935 ed
927 1893 1022 1947 vana,
1046 1879 1080 1936 et
1101 1875 1217 1937 totiens
1242 1874 1339 1936 irrisa

240 1972 441 2048 revolutus,‘
456 1969 496 2032 de
511 1970 679 2033 reddendo
693 1969 855 2054 Republ.b
870 1976 968 2054 utque
990 1971 1164 2050 Consulite,
1179 1992 1237 2036 sen
1259 1972 1336 2055 quis

238 2171 352 2220 eximos
372 2171 484 2231 eonsules,
500 2168 683 2232 firmus-sentqoe
698 2168 783 2217 cointio
802 2183 895 2231 pueros,
916 2168 1119 2232 dednxissestque,
1137 2173 1191 2218 oste
1204 2168 1336 2233 principem

237 2235 342 2293 sinum
358 2250 414 2297 qnos
429 2248 499 2282 morso
508 2238 597 2297 tenens,
613 2234 707 2283 Patres
722 2234 872 2296 conscripti,
881 2233 948 2294 illos,
958 2234 1102 2295 oit,nmisso
1111 2242 1194 2309 putre,
1206 2247 1336 2282 commen·

238 2299 298 2348 duri
321 2307 412 2362 patruo
430 2298 532 2347 illorum
553 2299 650 2360 Druso,
666 2304 693 2346 et
711 2296 857 2346 obtestatus
868 2311 933 2358 snm,
951 2298 1065 2360 quemvis
1081 2298 1118 2345 ills
1136 2304 1223 2346 essent
1236 2298 1335 2361 proprii

240 2363 324 2423 liberi,
337 2377 370 2411 ne
381 2362 457 2411 aliter
472 2363 554 2410 oleret
565 2362 739 2473 educsrstssre
751 2362 817 2422 illos,
828 2374 904 2425 quum
914 2367 1039 2410 suammet
1054 2361 1176 2421 sobolem,
1194 2360 1295 2424 sibique
1307 2367 1336 2410 et

241 2427 351 2490 posteris
361 2426 517 2475 institueret.
551 2425 671 2474 Extincto
721 2439 788 2485 ruso,
804 2439 896 2486 preces
912 2439 984 2473 mess
995 2425 1028 2474 sd
1046 2424 1228 2486 rostlecto,et
1239 2427 1264 2474 in
1277 2440 1337 2475 eon·

237 2497 330 2555 spectu
340 2493 456 2540 Deorum
464 2489 606 2553 patrisque
616 2488 738 2549 obsecro;
759 2503 821 2551 rogo
832 2503 886 2548 vos,
894 2487 1005 2553 Augusti
1017 2496 1184 2553 pronepotes,
1192 2489 1335 2539 illustrissi-

239 2556 288 2604 mis
302 2556 356 2605 avis
376 2563 446 2603 ortos
458 2553 581 2617 excipite,
591 2551 688 2616 fovete,
699 2553 930 2616 jovoteconsiliis;
948 2559 1097 2617 restrosque
1114 2561 1141 2602 et
1159 2567 1229 2602 meos
1247 2559 1336 2617 partes

240 2620 320 2682 agite.
354 2618 390 2668 Hi
407 2619 489 2681 vobis,
499 2618 571 2668 Nero
582 2625 610 2667 et
621 2618 717 2678 Druse,
726 2617 786 2665 rice
797 2623 933 2679 parentum
951 2624 1024 2666 sunt:
1044 2631 1075 2665 ee
1095 2618 1177 2681 stirpe
1189 2618 1237 2676 orti
1259 2618 1334 2680 estis,

239 2693 268 2731 nt
278 2697 402 2746 prospers
413 2682 572 2746 adversoque
582 2689 669 2729 vestre
679 2680 712 2729 sd
723 2694 805 2743 remp.
818 2686 946 2742 spectent.

270 2746 510 2808 Ingenttsogemitrs,
526 2749 550 2794 et
564 2750 645 2807 posteo
662 2745 726 2792 lotis
736 2745 938 2793 occtmsotionitss
954 2750 1050 2809 eccepto
1067 2751 1138 2802 sont:
1152 2750 1177 2794 et
1193 2745 1216 2794 st
1236 2745 1331 2794 modom

237 2809 451 2872 motum,
459 2807 771 2871 missrotiosssuifomoqso
778 2809 879 2858 somissis
888 2813 977 2857 mes
985 2810 1121 2858 osddoms
1131 2810 1282 2873 impleuerat:
1291 2810 1334 2857 scd

238 2876 344 2938 relapsus
363 2875 394 2922 od
414 2873 496 2922 inusto
509 2871 620 2935 suoque
636 2876 660 2921 et
680 2871 752 2920 toties
771 2873 822 2922 risu
839 2873 944 2936 exploso,
953 2874 982 2921 ds
999 2874 1145 2923 restituendo
1159 2872 1251 2937 Repo.
1270 2876 1333 2922 etot

699 3052 874 3073 notoncurt

272 3175 285 3219 1
303 3169 344 3220 Ita
355 3167 416 3217 libri
426 3179 514 3218 omnes
522 3163 595 3216 editi.
606 3164 659 3214 Ms.
670 3164 738 3214 Flor.
756 3164 937 3228 osum-s
954 3164 998 3215 lts
1009 3165 1061 3215 ills.
1072 3164 1142 3215 Flos.
1152 3163 1278 3216 editiones
1289 3178 1336 3213 ve·

239 3239 309 3283 teres
321 3240 349 3283 ct
358 3232 522 3282 recentiores.
548 3229 661 3294 Lipsius,
670 3228 828 3295 continuaret.

735 3380 842 3432 NOTAE

239 3479 385 3529 rudimento
403 3479 584 3542 deposnerunt.
624 3478 690 3530 Fero
706 3493 769 3543 pro-
809 3480 872 3530 tinm
883 3479 1072 3545 complectitur,
1086 3485 1117 3529 ut
1136 3477 1241 3528 interim
1261 3476 1335 3528 nnita

239 3553 329 3604 teotots'
336 3552 418 3605 edhtm
431 3560 505 3606 erunt
515 3553 561 3603 tilii
577 3553 736 3604 Germanici.
807 3553 903 3603 'liberii
917 3554 1001 3604 oratio
1017 3554 1101 3603 videri
1114 3551 1220 3602 debent.
1253 3552 1337 3601 Imuso

272 3627 476 3692 resumes]
503 3628 547 3678 Its
565 3629 723 3693 institueret,
738 3635 769 3679 nt
808 3631 941 3694 pergitct
960 3631 987 3680 in
1003 3645 1035 3679 eo
1054 3628 1214 3679 commissum
1224 3628 1337 3691 Tiberio,

237 3706 264 3754 in
283 3705 315 3753 iis
333 3706 390 3769 ipse
410 3705 560 3771 posterique
580 3706 662 3757 nostri
680 3705 768 3769 presi·
808 3706 877 3771 qnod
895 3706 1000 3756 modum
1017 3704 1127 3755 orationi
1142 3703 1336 3767 nonposnerit,

240 3780 310 3831 dinnr
337 3788 566 3846 ornamentumque
592 3782 688 3834 bebere
709 3798 768 3847 pos·
807 3781 853 3832 sed
871 3781 978 3831 libidine
1003 3779 1156 3842 disserendi,
1182 3786 1228 3829 snt
1248 3780 1337 3844 potius
1387 3821 1393 3832 .

238 3861 306 3907 sent.
807 3857 1040 3921 dissimulandi,‘od
1050 3871 1124 3918 vans,
1132 3863 1160 3906 et
1172 3856 1267 3905 totiens
1277 3856 1335 3905 irri-

271 3932 338 4000 ‘lto
361 3934 414 3984 srotr'
424 3933 492 3996 estis]
531 3934 570 3983 Es
590 3932 694 3984 fortune
711 3935 767 3983 usti
807 3946 835 3983 ss
846 3933 978 3983 revolutus
986 3931 1039 3981 sit!

240 4008 348 4072 estis,nt
359 4008 484 4060 bonorum
495 4010 658 4060 etmalorum
669 4016 767 4061 vestro·
839 4008 851 4042 l
867 4009 909 4058 De
928 4010 1045 4059 reddendo
1061 4007 1202 4072 Republica]
1227 4009 1337 4071 Seneca,

239 4097 296 4132 rum
307 4084 436 4149 particeps
446 4084 534 4135 future
543 4085 577 4134 sit
587 4084 741 4149 respublica.
807 4084 842 4135 de
861 4084 990 4134 brevitate
1009 4084 1083 4134 vitro:
1105 4098 1163 4148 cap.
1180 4090 1205 4133 t.
1226 4084 1336 4134 ‘Divus

272 4159 365 4208 8Μοω
391 4160 575 4226 precationibus]
606 4160 685 4211 Istud.
711 4175 767 4211 stoc
806 4160 951 4226 Angustus,
966 4160 1009 4212 cni
1031 4159 1077 4210 Dii
1097 4160 1173 4223 pluro
1191 4175 1269 4225 quern
1287 4160 1336 4210 ulii

240 4238 288 4288 boc
303 4238 361 4290 loco
378 4251 429 4288 non
446 4245 547 4289 tontum
569 4239 692 4304 temporis
708 4254 766 4308 spo·
806 4236 995 4302 prestiterunt,
1005 4250 1056 4292 non
1066 4234 1145 4287 desiit
1156 4236 1269 4302 quietem
1285 4234 1336 4285 sibi
