3075 4917
189 417 328 480 acea]
356 417 360 424 ‘
549 413 754 463 anu-aurun
780 415 853 463 mu.
880 416 930 463 vr.
1232 398 1303 468 wi:

192 574 266 624 eum
279 559 505 638 potestatem·
531 560 565 619 et
578 574 707 637 paucos
721 556 807 620 intra
822 556 893 621 dies
917 557 1027 635 finem,
1043 558 1187 642 accepit,
1204 562 1301 644 quasi

190 657 323 721 nescius
337 657 526 721 exercendi.
570 656 658 721 Tum
674 656 808 721 Taurus
835 659 997 737 Statilius
1014 680 1301 746 quanquam-proe

193 763 288 822 vecta
301 764 409 835 aetate,
426 758 555 841 egregie
572 759 733 823 toleravit.
780 760 868 823 Dein
883 760 978 839 Piso,
1004 762 1133 844 viginti¹
1157 782 1217 845 per
1240 781 1299 840 qu-

188 878 253 922 uos
267 862 391 943 pariter
414 857 599 943 probatus,'’
624 860 760 943 publico
781 860 903 939 struere,
932 881 977 925 ex
993 862 1123 927 decreto
1144 863 1311 941 Senatum.

193 960 378 1024 celebratus
392 966 453 1025 est.

194 1130 314 1179 toritatem
325 1130 438 1193 obtinuit,
455 1146 524 1193 quon
534 1136 556 1180 et
564 1133 630 1180 intro
640 1131 708 1181 breue
717 1138 810 1196 tempas
820 1135 935 1197 deposuit,
945 1138 1008 1184 uelud
1016 1136 1114 1186 obeundi
1123 1138 1223 1187 nescim.
1241 1136 1301 1187 stra

197 1195 288 1243 Taurus
298 1196 420 1257 Statilius,
438 1197 544 1258 mumma
554 1201 625 1244 <etate
631 1197 732 1257 grundis
742 1197 769 1245 id
781 1213 871 1247 munus
882 1200 969 1248 eximie
979 1202 1102 1249 sustinuit.
1136 1203 1223 1250 Postea
1233 1201 1300 1265 Piso,

193 1260 333 1322 pcreigints'
343 1274 415 1308 anuos
431 1260 531 1323 perinde
548 1264 730 1326 comendatus,
749 1262 851 1325 publicis
870 1265 975 1327 exequiis
988 1280 1018 1315 oa
1028 1267 1120 1314 decreto
1126 1265 1303 1329 potrumlsoso·

195 1331 262 1372 rous
273 1338 302 1372 uo
310 1323 477 1387 frequentatas
487 1331 531 1375 est.

655 1466 834 1487 monnone

226 1569 240 1613 1
257 1563 415 1617 Existimant
426 1568 538 1631 Lipsius,
550 1569 667 1619 Norisins
684 1569 781 1633 aliique
801 1571 925 1631 nonnulli,
932 1572 1054 1621 Pisonem
1070 1586 1122 1621 non
1142 1572 1232 1636 uiginti
1252 1588 1298 1636 per

193 1643 274 1688 oaaos,
283 1630 329 1678 sed
338 1646 383 1694 per
393 1634 471 1681 decen
480 1639 581 1683 tantum
602 1634 667 1684 Urbi
687 1634 830 1697 praefuisse.
867 1636 936 1684 Mate
949 1642 1035 1685 tentat
1052 1637 1188 1698 Ernestus‚
1199 1650 1245 1686 xv.
1256 1652 1300 1699 per

193 1707 274 1742 uanos.
307 1694 362 1744 Aut
374 1696 572 1760 emendandum,
582 1699 660 1746 &cem
669 1714 713 1761 per
723 1713 811 1747 maus:
828 1706 883 1761 ant,
890 1699 979 1761 uiginti
985 1715 1029 1762 per
1039 1701 1299 1764 oanoqretinendnm,

195 1764 223 1806 et
236 1759 347 1808 rotunde
358 1760 546 1823 accipiendum.
579 1760 721 1826 Suffragari
732 1762 795 1811 milri
806 1763 909 1813 videtur
925 1763 1034 1828 Plinius,
1044 1777 1102 1814 xlv.
1112 1769 1154 1815 22.
1164 1765 1185 1813 si
1197 1765 1253 1829 quia
1265 1763 1299 1812 ad

195 1822 251 1884 ejus
261 1824 351 1885 verba,
360 1833 387 1873 et
397 1825 499 1875 Tiberii
512 1832 618 1876 atatem
628 1827 780 1876 attenderit.
813 1828 923 1876 Brotier.
1295 1847 1299 1856 ·

690 1957 800 2008 NOTAE

195 2063 278 2113 cium:
296 2065 448 2131 etquidem,
468 2068 531 2118 licet
542 2070 593 2118 alia
603 2069 728 2118 obtende·-
801 2069 937 2122 Quomodo
959 2085 1022 2136 ergo
1042 2086 1140 2135 verum,
1160 2071 1228 2137 quod
1246 2070 1299 2122 Pli-

196 2144 246 2201 ret,
257 2146 286 2189 ut
306 2139 441 2206 frangeret
451 2144 495 2208 jos
516 2152 665 2209 pratorum,
683 2146 727 2210 qui
767 2146 825 2194 nius
836 2145 1026 2211 Suetoniusqno
1043 2158 1169 2197 consensu
1185 2135 1300 2196 tradide-¹

195 2216 494 2283 magistratusapopulo
506 2221 652 2271 creabatur.
767 2227 837 2284 runt,
859 2238 875 2272 a
904 2223 1022 2287 principe
1048 2224 1152 2273 Tiberio
1178 2223 1299 2273 Pisonem

228 2295 311 2361 quue
322 2303 375 2347 tam
386 2298 456 2349 felici
478 2301 726 2360 successu,utBo‘e-
766 2294 865 2348 facium
885 2298 958 2363 pras.
989 2298 1068 2361 urhis,
1090 2305 1198 2363 propter
1228 2299 1300 2349 bidui

196 2370 263 2420 tirius
286 2372 408 2423 tunde
431 2390 502 2424 cons.
526 2376 588 2439 phil.
612 2377 725 2427 scribat:
767 2376 1007 2439 compotationem?
1039 2376 1121 2425 Plinii
1139 2376 1219 2425 verba
1240 2383 1300 2426 sunt

194 2448 641 2515 ‘praeturamagnaoiimpotestas3
659 2468 727 2502 nuuc
767 2449 812 2500 lib.
836 2464 897 2500 xrv.
938 2452 1044 2516 ‘anue
1076 2451 1300 2501 commendatione

195 2522 272 2571 inane
282 2531 376 2574 nomeu
387 2534 435 2589 est,
453 2533 482 2577 et
498 2529 620 2578 senatorii
635 2544 727 2579 census
767 2527 916 2591 (ebrietatis
928 2524 1041 2589 scilicet)
1057 2526 1202 2587 credidere,
1213 2527 1243 2575 L.
1256 2526 1300 2575 Pi-

195 2598 281 2659 gravis
290 2602 409 2650 sarcina!
421 2603 504 2653 Recte
515 2604 667 2653 Suetonius:
678 2605 727 2654 etsi
767 2617 857 2652 sonem
877 2602 947 2652 urbis
966 2602 1056 2651 Romae
1079 2614 1148 2651 curae
1159 2602 1191 2651 ab
1203 2615 1234 2650 eo
1255 2595 1301 2651 dess

194 2672 348 2724 Torrentius
364 2692 465 2741 quoque
485 2685 606 2728 nontam
626 2679 728 2729 institn-
767 2680 874 2741 lectum,
893 2677 961 2743 quod
978 2677 1058 2726 biduo
1078 2676 1229 2741 duabusque
1240 2672 1301 2736 n'ooe

196 2749 256 2812 isse,
267 2766 343 2815 qnam
356 2754 465 2816 auxisse,
479 2761 507 2804 et
518 2769 632 2818 ornasse,
644 2763 728 2806 notet.
768 2755 838 2804 tibus
876 2754 1086 2818 perpotationem
1125 2755 1303 2804 continuasset

230 2826 342 2877 Nomine
353 2844 414 2878 usus
426 2835 466 2879 est
477 2836 575 2891 vetere,
592 2830 639 2880 sed
648 2846 690 2881 res
701 2837 730 2881 et
768 2831 837 2893 apud
861 2829 946 2892 ipsum
958 2830 1013 2894 jum
1034 2830 1195 2894 principem!
1228 2830 1302 2881 Nota

198 2908 313 2963 potestas
325 2908 382 2952 toto
401 2920 499 2967 genere
519 2905 641 2957 distabat
674 2907 728 2956 Ita·
769 2920 812 2967 ea,
824 2905 894 2968 apud
907 2906 991 2970 ipsum
1004 2906 1060 2969 jam
1071 2907 1225 2970 principem.

196 2992 245 3042 qne
257 2993 336 3041 eopse
358 2987 486 3044 ternpore,
505 2997 555 3046 quo
576 2982 618 3032 hie
629 2983 728 3033 urbano
801 2980 940 3029 Suetonius
953 2996 976 3029 c.
988 2984 1029 3029 42.
1051 2981 1168 3030 ‘Postea
1178 2981 1300 3046 princeps

197 3054 279 3103 milite
298 3058 445 3106 succinctus
464 3056 604 3120 praefectus
616 3058 673 3107 urbi
692 3060 728 3108 vi·
769 3056 796 3103 in
816 3055 874 3118 ipsa
895 3054 1058 3117 pubticomm
1078 3069 1177 3103 morum
1202 3069 1303 3124 correo

197 3129 276 3193 gebat
297 3133 471 3198 volitabatque
491 3133 619 3192 maxime3
643 3141 729 3184 tamen
769 3130 841 3191 tione
863 3142 921 3177 oum
944 3128 1086 3192 Pomponio
1106 3128 1199 3178 Flacco
1226 3137 1254 3178 et
1270 3131 1300 3182 L.

197 3208 333 3270 quotannis
361 3193 504 3257 Miaccum
530 3222 609 3259 causa
626 3208 729 3273 qnidam
769 3206 867 3255 Pisone
876 3210 980 3254 noctem
992 3203 1125 3270 (dissentit
1135 3204 1247 3267 Plinius,
1258 3208 1301 3270 qui

196 3282 261 3332 alius
272 3284 330 3331 urbi
342 3284 543 3347 praeficiebatur.
578 3286 682 3336 Gronov.
772 3281 808 3330 ait
820 3281 884 3330 duas
896 3278 997 3341 noctes)
1013 3279 1213 3343 continuumque
1229 3280 1302 3331 hidu-

231 3359 343 3409 Nomiue
355 3370 428 3408 tenura
438 3366 466 3409 et
475 3365 605 3424 pratextu
617 3361 730 3424 priscum
770 3371 814 3405 um
825 3355 955 3420 epulando
965 3354 1132 3419 potandoque
1148 3357 1301 3407 consumsit:

198 3434 250 3486 fuit
261 3452 352 3486 munus
360 3438 552 3502 prefectiorois,
568 3439 614 3487 sed
626 3452 654 3487 re
673 3440 730 3503 ipsa
770 3447 879 3495 qnorum
889 3432 965 3481 alteri
977 3431 1080 3494 Syriam
1090 3432 1257 3494 provinciam,
1267 3435 1302 3481 ai·

198 3519 226 3562 et
238 3520 369 3576 potestate
388 3528 450 3562 vcre
471 3528 564 3563 novum
584 3513 643 3579 fun,
659 3521 687 3564 ct
697 3516 730 3566 ab
771 3509 1017 3560 teriPraefecturam
1032 3509 1103 3559 urbis
1111 3509 1248 3561 confestim
1259 3511 1303 3560 de·

197 3588 316 3652 Augusto
331 3597 471 3652 repertum.
770 3586 848 3635 tulit!
1294 3589 1299 3595 '

231 3667 322 3714 ‘Eum
338 3665 491 3729 potestatem]
508 3666 730 3731 QuaeabAngus·
805 3659 1188 3725 Aitdiserte,posteopriuceps.
1220 3661 1304 3727 Atqui

198 3741 347 3804 topr’qmum
360 3741 432 3792 facta
447 3748 636 3807 estperpetua,
667 3743 730 3791 sue.
772 3736 815 3785 vel
834 3736 867 3785 ab
888 3736 962 3786 initio
979 3737 1140 3800 principatus
1157 3736 1258 3785 Tiberii
1269 3736 1304 3785 ad

198 3815 331 3879 tonAug.
344 3822 385 3866 36.
420 3818 537 3866 Muretus.
772 3811 840 3861 huuc
862 3812 930 3861 diem
960 3812 1106 3861 Pisoniana
1132 3813 1222 3861 mortis
1243 3812 1304 3870 anni

231 3888 244 3924 ὓ
263 3892 358 3954 Viginti
364 3909 409 3956 per
419 3908 492 3941 oaaos
501 3893 594 3956 puriter
609 3893 732 3957 probatus]
772 3886 900 3937 duntaxat
913 3891 952 3936 17.

199 3965 292 4019 Quid?
308 3968 403 4031 viginti
422 3983 470 4030 per
492 3982 571 4016 annos
592 3967 731 4030 prefectus
804 3961 857 4010 Sed
876 3962 924 4011 hoc
935 3960 1044 4024 amptius
1055 3975 1088 4009 ex
1100 3960 1223 4009 Suetonio
1233 3961 1305 4013 colli·

198 4040 281 4094 prm?
298 4042 377 4093 fuerit
398 4058 462 4106 ergo
473 4058 579 4093 necem
590 4051 631 4095 est
643 4043 676 4094 ab
688 4059 732 4094 gn·
773 4051 829 4100 ges,
838 4035 937 4086 facttum
945 4037 1067 4084 Pisonem
1083 4034 1246 4100 prefectum,
1256 4038 1304 4088 sub

176 4129 178 4132 ·
198 4131 234 4166 uo
246 4117 316 4167 urbis
330 4123 404 4168 tota:
421 4133 481 4167 uam
493 4117 526 4166 ab
538 4132 570 4167 eo
582 4118 624 4166 dle
640 4118 666 4167 in
683 4119 732 4168 hoo
772 4110 843 4160 idem
856 4120 967 4175 tempus,
983 4125 1034 4173 qno
1054 4111 1212 4175 Pomponius
1223 4112 1305 4178 Syriae

200 4200 303 4257 tempus
319 4193 413 4257 viginti
423 4193 473 4256 ipsi
489 4193 558 4242 anui.
591 4192 671 4259 Atqui
680 4191 733 4243 Au·
771 4187 890 4235 Praetor:
909 4184 952 4235 ille
973 4190 1061 4236 &utem
1080 4185 1163 4248 Syri&
1173 4201 1223 4237 ¹1⁰ss
1244 4196 1305 4239 ante

198 4274 291 4332 gustus
302 4274 365 4319 tuuc
375 4268 451 4333 vixit,
460 4268 658 4334 imperavitque,
774 4274 869 4312 annum
878 4264 937 4312 ΠΒ
949 4261 1066 4329 pwponi
1076 4262 1307 4329 potuitffloetitu't
