3075 4917
226 363 291 431 net
380 427 382 436 ,
593 377 626 424 c.
650 374 832 428 conuunn
857 373 987 420 racrri
1167 375 1325 441 [num.

228 539 364 605 quomm
379 520 412 581 in
425 536 544 582 manus
563 535 641 580 cura
653 521 778 579 nostra¹
795 517 929 593 venerit,
950 533 991 579 ne
1015 514 1202 597 divulgata¹¹
1225 523 1325 599 atque

191 611 200 620 ’
227 619 446 694 incredibilia,
469 616 566 682 avide
582 623 734 697 accepta,
750 616 848 693 veris,
871 635 977 699 neque
991 616 1025 679 in
1040 617 1237 680 miraculum
1252 633 1325 680 cor-

228 725 344 808 ruptis,
365 722 593 785 antehabennt.

270 824 323 888 12.
346 821 512 896 Ceterum,
538 820 703 884 laudante⁰
718 821 823 884 filium
836 839 897 901 pro
911 822 1027 884 rostris
1050 819 1197 898 Tiberio,
1221 820 1328 884 Sena-

227 994 338 1065 unnim,
352 1019 381 1052 ne
390 1002 416 1050 iu
426 1005 509 1064 rubus
525 1003 733 1062 temerejnetolo,
748 1007 772 1052 et
787 1018 839 1066 que
848 1014 864 1049 a
873 999 926 1066 fide
936 1002 1015 1050 olierio
1026 1005 1090 1062 suet,
1105 1002 1188 1063 cupide
1199 1001 1326 1063 nomnen,

228 1081 312 1132 neque
324 1068 387 1115 talia
402 1069 544 1129 anteponant
562 1066 602 1127 iit,
618 1081 670 1129 quoe
681 1072 745 1116 certo
761 1072 824 1128 eunt,
844 1081 940 1129 queque
955 1077 1096 1128 nequaquem
1111 1066 1137 1113 ia
1147 1065 1327 1114 admirationem

221 1129 285 1195 fleto
295 1135 337 1180 out
347 1132 481 1179 adulterato
490 1133 554 1179 aaut.

263 1194 373 1244 Ceterum
392 1194 486 1248 atocio
502 1194 674 1243 commendante
683 1192 765 1259 fllium
782 1196 846 1259 opud
863 1192 960 1255 Rostro,
978 1193 1065 1242 Patres
1081 1192 1188 1256 plebeque
1201 1196 1288 1241 uestem
1298 1206 1328 1240 oc

262 1403 276 1452 1
294 1401 336 1452 lte
350 1393 409 1453 libri
421 1418 507 1453 omnes
519 1403 593 1464 editi,
610 1406 638 1451 et
648 1415 726 1464 supra
742 1399 836 1448 Annei.
848 1414 891 1454 nn
903 1405 943 1449 at.
968 1400 1125 1463 Si...p1eres
1135 1401 1166 1447 od
1176 1397 1328 1446 curmoitetro

227 1467 368 1529 produxere.
400 1468 519 1516 Muretus
531 1468 568 1516 nit
580 1466 730 1530 quibusdam
747 1465 773 1511 in
785 1463 857 1512 libris
869 1466 980 1528 antiquis
998 1465 1058 1528 legi,
1077 1465 1181 1527 scripto,·
1197 1466 1225 1510 e't
1237 1473 1325 1524 supra,
1403 1500 1408 1506 .

228 1530 319 1590 inania,
336 1545 383 1593 pro
394 1531 514 1580 immmio.
548 1532 646 1580 Vereor
657 1544 699 1591 ne,
711 1529 831 1578 Ursinum
844 1528 967 1592 imitatus,
986 1530 1105 1592 antiquos
1116 1528 1195 1576 libros
1207 1527 1248 1575 bic
1258 1540 1327 1575 eom·

229 1594 388 1660 minitentur,
399 1602 428 1645 ut
438 1596 569 1659 opiniones
577 1610 633 1644 suas
645 1593 784 1657 approbet.
802 1593 908 1642 Brotier.

736 1737 846 1790 NOTAE

260 1853 329 1902 lNe
342 1853 477 1917 divulgato]
494 1854 536 1905 Ne
547 1855 758 1918 vulgatosrumo·
800 1854 895 1917 posito,
921 1863 953 1903 ne
976 1847 1112 1903 Pontificio
1133 1850 1237 1899 maximi
1258 1850 1328 1910 octtli

230 1941 271 1978 ree
282 1934 359 1992 atque
371 1930 532 1979 incredibilia
543 1930 758 1979 narrantesavide
799 1936 906 1993 aspectu
916 1929 1051 1985 cadaveris
1061 1928 1262 1994 funestarentur.
1284 1927 1328 1975 Se-

229 2003 363 2067 arripiant,
384 2013 588 2069 preponantque
609 2006 686 2067 veris,
712 2020 758 2055 seu
798 2019 871 2067 neca,
883 2005 1057 2054 consolatione
1066 2006 1099 2054 ad
1111 2005 1248 2055 Martiam:
1266 2002 1329 2051 ‘Ti-

229 2077 349 2141 bietcrils,
377 2081 471 2129 nudem
499 2091 584 2140 rerum
611 2082 758 2142 veritatem,
796 2084 882 2132 berius
900 2084 997 2144 Cesar,
1016 2091 1044 2132 et
1062 2092 1138 2146 quem
1151 2086 1283 2145 genuerat,
1300 2085 1329 2126 et

229 2154 355 2218 nullisque
381 2156 539 2207 mirabilibus
558 2156 757 2207 circumstantiis
797 2173 874 2222 quem
888 2160 1068 2221 adoptaverat,
1089 2158 1182 2207 amisit.
1215 2157 1328 2220 lpseta-

228 2228 255 2277 in
282 2230 393 2292 speeiem
420 2239 521 2281 auctam
548 2225 757 2295 adornatamque,
797 2249 855 2283 men
867 2249 914 2298 pro
926 2235 1028 2283 Rostris
1046 2234 1161 2283 laudavit
1176 2232 1266 2294 filium,
1277 2238 1328 2280 ste-

228 2305 425 2368 exequentibus.
797 2312 880 2375 titqne
899 2311 926 2359 in
944 2316 1086 2372 conspectu
1107 2309 1193 2372 posite
1210 2319 1329 2370 corpore,

260 2386 273 2412 0
288 2378 422 2445 londonie]
446 2381 507 2430 Fuit
518 2381 561 2431 ille
573 2396 626 2431 mos
636 2383 757 2446 entiquns
797 2386 933 2449 interjecto
966 2384 1145 2434 tantammodo
1172 2385 1328 2444 velamento,

228 2454 297 2518 epud
309 2455 442 2520 AEgyptioe
461 2456 581 2506 laudandi
592 2464 706 2507 mortuos
718 2472 757 2506 re·
798 2461 865 2524 qnod
877 2458 1013 2509 Pontificio
1028 2460 1115 2509 oculos
1130 2458 1246 2509 afnnerc
1256 2472 1328 2507 arce-

228 2543 273 2595 ges
289 2546 347 2581 cum
358 2532 538 2596 sepelirentur,
556 2535 596 2583 rel
616 2533 693 2583 etiam
712 2549 756 2583 eos
798 2534 856 2585 ret!

227 2604 400 2670 vituperandi,
423 2614 452 2658 ut
467 2610 504 2658 sic
522 2610 649 2674 imperare
669 2625 757 2673 agere·
830 2612 963 2661 Recenset
974 2610 1085 2661 eundem
1092 2611 1169 2661 ritum
1178 2610 1232 2660 Dio
1242 2609 1259 2657 l.
1270 2621 1327 2659 ιιν.

227 2694 278 2746 qne
289 2682 369 2731 vitam
377 2677 500 2733 laudabili
511 2692 594 2735 morte
603 2687 707 2750 dignam
715 2687 758 2736 ad·
798 2686 825 2734 in
836 2686 926 2735 innare
938 2685 1073 2749 Agrippa,
1089 2686 1135 2734 sed
1154 2700 1256 2735 eausam
1270 2684 1328 2747 ejus

227 2755 365 2808 discerent.
408 2759 495 2808 Testis
512 2760 640 2810 Diodorus
656 2762 758 2811 Siculus
797 2763 915 2826 ignorare
926 2760 1032 2819 fatetur,
1049 2767 1078 2809 et
1088 2775 1163 2824 quarn
1173 2761 1274 2809 Seneca
1283 2758 1328 2806 de-

226 2831 246 2880 i.
258 2844 290 2880 u.
301 2831 309 2859 ‘
320 2831 379 2880 ileo
391 2837 515 2895 tempore,
523 2848 580 2897 quoe
592 2835 625 2883 ed
637 2850 757 2899 pompam
797 2836 844 2899 dit,
865 2831 971 2885 refellit.
1008 2834 1095 2883 Verba
1117 2841 1190 2882 sunt:
1208 2833 1278 2882 ‘Sed
1300 2839 1328 2881 et

228 2905 324 2957 tenens
335 2914 465 2972 speciant,
477 2911 641 2974 preparatis,
658 2917 757 2975 postte⁴
796 2907 970 2960 laudationem
981 2908 1105 2973 Agrippa
1119 2908 1253 2973 Angustus
1264 2909 1329 2957 reci-

227 2984 320 3034 medie
332 2999 426 3049 eorpus
439 2985 466 3035 in
482 3001 543 3036 area
553 2987 684 3037 eonditum
696 2993 757 3037 ente
798 2987 873 3049 tavit,
897 2987 955 3035 velo
977 2986 1097 3050 quopiam
1119 2992 1180 3033 ante
1199 2990 1328 3032 mortuum

226 3057 569 3126 repuleriaditumponunt.
603 3064 756 3114 ibibrevia-
797 3078 919 3127 expenso.
963 3062 1058 3111 Ideni
1080 3062 1117 3109 rei
1140 3060 1328 3121 iaetum‚milii

227 3137 293 3188 rium
314 3138 340 3187 ln
362 3139 417 3188 vita
436 3137 469 3188 ab
489 3153 552 3202 rege
571 3145 702 3203 meorum
723 3140 756 3188 de
797 3156 848 3190 non
859 3142 950 3205 liquet.
983 3139 1083 3188 Tamen
1097 3139 1243 3188 eliirolnnt
1258 3138 1329 3199 ideo,

226 3226 298 3263 more
320 3214 450 3264 recitent:
479 3215 626 3280 volentique
646 3214 757 3264 nemias
797 3218 857 3281 qnia
867 3214 990 3265 Pontifex
1002 3222 1088 3263 esset:
1106 3214 1160 3275 eiii,
1175 3215 1235 3278 qnia
1243 3214 1328 3263 obiret

225 3288 467 3339 detardet'unctnm
482 3289 629 3339 accusandi.
662 3290 758 3340 astant
796 3306 902 3340 munera
910 3289 1030 3348 nemoris.
1058 3289 1248 3339 Neutrireete.
1274 3288 1328 3337 Ne·

226 3363 376 3414 eamrdotes
386 3365 479 3414 mortui
489 3372 560 3414 recte
568 3363 640 3415 faeta
649 3364 756 3414 laudan-
796 3380 846 3431 qne
856 3366 925 3415 enim
936 3366 978 3415 vel
987 3363 1111 3414 Pontifici
1121 3371 1251 3413 mortuum
1261 3363 1328 3427 aspi·

226 3444 280 3488 teo:
298 3441 417 3503 populus,
436 3439 457 3491 si
475 3455 626 3504 permagnus
641 3449 692 3503 est,
712 3442 756 3506 qni
796 3456 855 3490 cere
866 3440 955 3490 netas:
972 3455 1056 3504 neque
1068 3439 1184 3502 menri,
1201 3440 1251 3489 nisi
1266 3454 1328 3489 enno

226 3514 349 3580 exequias
366 3515 527 3577 circumstat,
544 3516 677 3580 applaudit
687 3516 756 3565 reris
795 3516 872 3566 linem
900 3515 1015 3565 censioni
1041 3516 1160 3578 imponit,
1186 3514 1328 3579 conditque

226 3590 355 3652 laudibus,
369 3590 397 3639 in
408 3590 512 3655 reliquis
524 3605 618 3656 magno
629 3593 754 3642 meismet
796 3591 923 3642 lustrum?
938 3592 1004 3641 Hee
1016 3592 1077 3641 Dio.

226 3663 352 3716 tamisim:
372 3681 424 3732 quo
435 3666 531 3717 accidit
541 3673 570 3716 nt
581 3668 668 3730 plnres
678 3682 754 3731 reges
826 3668 877 3717 Sed
883 3667 1065 3730 egoexistimo,
1073 3666 1240 3716 dePontifice
1248 3667 1328 3716 Sene·

225 3749 387 3808 repugnante
399 3742 476 3806 plebe
487 3743 564 3792 solito
575 3744 706 3793 caruerint
716 3757 756 3792 se·
796 3758 853 3793 eam
865 3756 928 3792 vera
938 3742 1033 3791 dicere.
1067 3741 1141 3791 nm
1158 3742 1328 3801 enim3ideo·

226 3818 310 3881 pulcri
330 3818 436 3879 bonore,
450 3833 480 3866 ae
497 3817 695 3882 magnificentia.
727 3819 755 3869 1s
797 3831 848 3881 que
860 3817 1005 3880 nonipsum
1016 3817 1098 3866 solum
1117 3817 1200 3867 areeri
1218 3823 1327 3881 aspectu

226 3891 303 3942 timor
313 3893 402 3959 eoiigit
420 3894 525 3959 AEgypti
546 3909 623 3959 reges
636 3896 708 3959 juste
719 3896 756 3945 ri·
796 3891 909 3954 funesto,
918 3892 965 3942 sed
976 3897 1106 3942 etatem
1120 3894 1226 3943 m
1240 3894 1327 3941 volne-

226 3981 299 4030 vere,
319 3969 414 4018 veritos
434 3967 549 4019 futuram
569 3976 757 4033 postmortem
797 3976 867 4019 runt.
901 3970 967 4021 (iae
988 3968 1010 4016 si
1031 3969 1058 4016 in
1080 3970 1137 4018 loeo
1158 3969 1261 4031 positae,
1282 3968 1328 4019 nbi

226 4041 312 4107 plebis
330 4042 403 4106 bam,
418 4049 497 4109 atque
518 4044 604 4094 odium
622 4045 758 4110 sempiter·
796 4046 927 4110 supplicia
946 4051 975 4094 et
997 4043 1093 4105 endu,
1114 4044 1186 4094 utari
1206 4057 1251 4093 ees
1270 4057 1326 4094 mos

188 4167 195 4180 ,
226 4117 309 4170 num?
796 4119 856 4180 fnit,
872 4118 1064 4179 autmari,

258 4192 670 4262 Meuiamvmqnoom
680 4194 759 4247 inter·
830 4192 1328 4261 Notatipseliioz‘clndius,'inqnit,
