3075 4917
232 363 298 430 682
582 381 615 426 ο.
638 373 823 426 conunnrt
847 375 977 423 recrrr
1162 369 1325 443 [uum.

274 525 328 588 lo.
352 523 392 587 In
407 524 565 588 tradenda
578 529 681 588 morte
701 524 814 599 Drusi,
838 542 914 605 quae
939 520 1093 603 plurimis
1114 522 1327 604 maximeque

211 626 308 704 ‚fidis
332 628 523 690 auctoribus
546 630 725 688 memorate
745 632 835 702 sunt,
856 623 969 686 retuli:
993 621 1051 684 sed
1074 641 1141 685 non
1163 623 1328 686 omiserim

233 728 408 812 eorundem
425 733 606 810 temporum
628 745 803 802 rumorem,
826 723 986 788 validum⁸
1010 722 1104 800 adeo,
1126 729 1165 786 ut
1185 724 1328 787 nondum

233 830 412 894 exolescat.
458 828 648 912 ‘Corrupto
674 828 718 891 ed
748 822 870 890 scelus‘
893 825 1002 898 Livia,
1035 824 1193 907 Sejanum
1221 825 1330 908 Lygdi

234 948 367 1013 quoqne
389 930 547 1013 spadonis
571 930 713 992 animum
737 931 852 1010 stupro
871 928 1038 990 vinxisse:
1062 927 1150 1008 quod
1175 930 1205 991 is
1231 934 1330 991 aelute

235 1037 335 1113 atque
364 1030 469 1095 forma
497 1049 594 1094 corus
623 1030 767 1105 domiuo,
801 1030 949 1111 interque
978 1028 1139 1110 primores
1164 1029 1330 1092 ministros

233 1138 321 1195 erat:
346 1132 472 1210 deinde,
495 1133 579 1196 inter
594 1132 746 1195 conscios
769 1131 830 1192 ubi
848 1130 946 1193 locus
960 1129 1111 1193 veneficii
1135 1135 1331 1212 tempusque

235 1235 422 1315 composita
444 1234 532 1309 sint,¹
567 1252 609 1297 oo
633 1232 786 1296 audaciae
813 1237 1017 1314 provectum,
1043 1238 1081 1294 ut
1105 1237 1266 1307 verteret,⁸
1286 1235 1330 1307 ct,

234 1334 365 1396 occulto
380 1332 504 1396 indicio
519 1333 665 1396 Drusum
680 1333 796 1398 veneni
814 1333 848 1393 in
870 1336 996 1414 patrem
1010 1351 1163 1414 orguenS,
1185 1337 1332 1394 moneret

236 1432 416 1508 Tiberium,
439 1434 610 1498 vitandam
635 1434 816 1515 potionem,
839 1454 915 1517 quse
937 1434 1043 1516 prima
1058 1435 1100 1511 ei,
1123 1433 1215 1515 spud-
1228 1432 1333 1495 filium

236 1534 392 1617 epulanti,
416 1534 592 1599 offerretur.
638 1534 689 1597 Ea
704 1535 819 1599 frande
835 1542 904 1600 tum
917 1554 1039 1613 senem,
1061 1541 1240 1618 postquam
1255 1553 1333 1598 con·
1385 1577 1388 1582 ,

236 1635 362 1698 rivium
377 1637 503 1713 inierat,
525 1642 702 1720 exceptum
716 1639 873 1720 poculum
889 1638 1001 1701 Druso
1016 1637 1211 1716 tradidissc;
1234 1640 1333 1718 atque

236 1734 294 1799 illo
307 1736 434 1818 ignaro,
456 1743 489 1801 et
509 1736 701 1820 juveniliter
723 1736 922 1816 hauriente,h
944 1746 1078 1806 auctam
1098 1738 1334 1820 suspicionem,

237 1842 395 1920 tanquam
416 1843 503 1902 metu
526 1847 560 1904 et
582 1841 706 1923 pudore
730 1842 865 1905 sibimet
887 1840 1043 1923 irrogaret
1064 1844 1212 1915 mortem,
1235 1857 1335 1921 quarn

237 1939 325 2018 patri
340 1938 524 2003 struxerat?
594 1991 598 2002 .

273 2119 302 2166 lrr
317 2117 441 2177 referendo
460 2135 514 2168 nece
531 2121 614 2183 Drusi,
630 2122 755 2170 memoravi
775 2137 827 2184 quoe
845 2136 861 2169 c
878 2121 968 2180 mauu,
984 2124 1009 2168 et
1019 2119 1170 2184 fidelissimis
1185 2118 1338 2183 uriptorim

237 2182 328 2230 trudito
337 2189 391 2231 suot
399 2199 408 2240 ;
424 2192 448 2232 ot
461 2200 507 2232 noo
516 2186 672 2247 preterierim
688 2200 794 2248 rpoream
804 2187 882 2236 eodem
891 2199 940 2232 oeeo
953 2183 1047 2242 fumum
1056 2186 1114 2233 odeo
1125 2184 1225 2247 firmum
1240 2189 1265 2233 et
1282 2198 1337 2232 cerr-

237 2251 346 2303 sturuem,
363 2250 500 2296 uiuendum
517 2254 628 2299 reuocat.
661 2250 779 2297 Pellecta
797 2249 829 2297 ad
848 2246 974 2311 flagitium
992 2247 1093 2305 Liuilla,
1112 2249 1233 2310 Sejanurn
1251 2246 1336 2310 Lygdi

238 2311 317 2359 stim
329 2312 437 2359 erinncbi
450 2313 632 2361 conscientiam
642 2320 731 2375 stupro
743 2314 870 2376 illigasse:
888 2312 949 2375 quia
960 2311 982 2358 is
999 2311 1103 2374 Lygdus
1116 2312 1265 2374 juveniret
1282 2312 1337 2372 pul·

238 2374 383 2428 claritudine
395 2376 500 2426 domino
509 2378 537 2425 in
546 2377 646 2426 deliciis
656 2387 722 2440 erut,
741 2379 860 2439 interque
875 2375 1020 2438 praecipuos
1038 2376 1167 2424 ministros
1177 2376 1336 2425 'babebatuu

237 2438 334 2487 Postea
346 2440 415 2488 inter
432 2442 515 2488 socios
535 2439 656 2494 facinoris
675 2443 779 2499 ascitus,
796 2451 933 2503 postquem
951 2441 1022 2488 locus
1041 2439 1163 2496 maleficii
1183 2449 1337 2503 temptuque

238 2503 378 2553 constituta
398 2504 458 2563 siut,
478 2518 509 2553 eo
528 2505 679 2555 temeritatis
699 2519 870 2568 progressum,
892 2510 920 2552 ut
938 2509 1051 2552 mutaret
1071 2513 1175 2566 cuncta,
1191 2510 1219 2553 et
1236 2509 1340 2554 secreta

238 2565 368 2616 delatione
380 2569 497 2617 incusans
512 2570 625 2617 Drusum
638 2569 756 2618 veneficii
768 2570 794 2617 iu
810 2575 956 2630 parentem,
974 2568 1105 2615 nuntiaret
1117 2568 1231 2628 Tiberio,
1247 2581 1340 2615 caven-

239 2630 300 2679 dum
320 2633 449 2694 poculum,
470 2633 537 2696 qrrod
556 2634 664 2694 prlruuur
686 2634 853 2683 exhiberetur
877 2633 911 2695 ei,
927 2632 995 2694 apud
1016 2632 1131 2679 Drusum
1150 2632 1218 2680 inter
1237 2632 1337 2692 epulas.

239 2695 279 2743 Ee
290 2695 349 2743 soto
369 2701 423 2743 turn
441 2697 577 2759 deceptum
598 2712 694 2758 senem,
710 2698 754 2746 nbi
765 2698 799 2746 sd
815 2699 905 2759 epulus
916 2696 1037 2756 venisset,
1053 2702 1188 2758 acceptam
1224 2696 1339 2744 otiossem

239 2755 293 2806 lilio
304 2758 459 2820 prebuisse3
476 2767 555 2823 etque
573 2762 618 2809 illo
633 2761 715 2810 inscio
726 2769 754 2810 et
766 2762 885 2810 alacriter
897 2760 1013 2822 bibente,
1029 2759 1156 2808 &mamm
1168 2760 1194 2807 di
1222 2759 1338 2808 dentiam

241 2822 349 2935 Tiperii,
360 2828 483 2935 touque?
493 2824 584 2874 tintore
596 2830 624 2876 st
635 2826 791 2876 verecundia
801 2825 906 2875 sibimet
915 2824 1016 2874 Drusus
1028 2822 1136 2874 inferret
1146 2837 1246 2886 assem,
1261 2838 1342 2887 quem·

241 2900 276 2949 pe
289 2900 311 2934 rr
323 2901 449 2949 paravere
463 2922 469 2936 .
1310 2923 1313 2926 -

241 3078 336 3128 Annel.
348 3092 398 3128 xri.
409 3079 450 3129 bs.
463 3087 491 3128 et
502 3079 572 3142 apud
584 3080 693 3142 bivium,
705 3093 735 3129 u.
749 3083 789 3129 lu.
822 3080 915 3144 Appius
926 3085 1012 3129 tumen
1024 3079 1137 3128 Cloelius
1147 3079 1241 3128 dicitur
1252 3080 1278 3127 iu
1288 3077 1342 3129 Ms.

242 3144 307 3206 Reg.
319 3144 415 3192 Codice
425 3142 520 3200 Taciti,
532 3145 597 3193 etin
610 3146 661 3193 Ms.
673 3150 764 3194 nostro
775 3144 841 3193 Livii
854 3145 955 3206 codice,
971 3145 1058 3194 Attius
1068 3146 1175 3192 Clonus.
1192 3144 1306 3192 Brotier.

274 3211 288 3255 1
307 3207 348 3256 lta
363 3209 415 3258 Ms.
428 3208 496 3258 lior.
514 3208 633 3257 Pichens
647 3215 675 3257 et
687 3209 855 3260 recentiores,
887 3209 1034 3260 Beroaldus
1050 3215 1077 3256 et
1089 3216 1199 3269 veteres,
1216 3208 1343 3271 cooperite

190 3287 194 3292 ’
242 3275 306 3320 unt.
340 3271 653 3335 Copulsmqueomiserut
663 3273 774 3336 Lipsius.
853 3328 856 3336 ,

738 3418 843 3468 NOTAE

242 3541 301 3593 pars
329 3528 470 3593 prouinciae
496 3528 601 3593 Aprutii
623 3530 770 3592 Ulterioris,
810 3531 871 3580 nui:
888 3531 921 3580 de
934 3530 1182 3596 quaunu‚ltocloco
1195 3539 1345 3591 agerecon·

243 3606 284 3655 vel
305 3604 412 3655 Abruzzo
435 3603 514 3668 Ut'tra,
533 3606 560 3654 in
575 3605 771 3670 regnoNeepe·
812 3608 904 3657 stituit.
964 3626 967 3632 ·

242 3681 331 3731 lituus.
348 3681 469 3730 Pilleum
844 3680 1036 3744 sUtcerteret]
1054 3678 1344 3744 Sejannmeosndaeire

274 3764 286 3790 ⁶
306 3757 425 3817 Validam]
447 3761 503 3810 Nou
522 3758 688 3808 omittendam
708 3764 774 3823 puto
814 3766 965 3823 proveetum
984 3772 1050 3820 esse,
1068 3764 1098 3806 ut
1115 3756 1201 3806 omnis
1212 3756 1345 3810 invertens

244 3832 337 3882 mntem
351 3833 448 3880 illorum
461 3839 615 3894 temporum,
634 3832 698 3882 adeo
711 3834 772 3881 vali·
813 3837 928 3883 Drinum
940 3834 1047 3882 occultis
1064 3832 1198 3882 calumniis
1211 3837 1345 3881 accusaret

244 3909 277 3957 de
304 3909 407 3957 infixam
435 3910 564 3957 homiuum
584 3909 721 3971 nautibus,
744 3916 774 3959 ut
814 3911 1063 3979 epudpatreuuscc,
1195 3920 1197 3922 ’
1290 3943 1295 3949 -

246 3984 328 4034 adbuc
338 3986 422 4033 duret.
845 3986 863 4019 ⁵·
873 3987 1017 4036 Juveailiter
1029 3986 1163 4047 ludente]
1179 3986 1254 4048 ¹Ourn
1265 3994 1345 4047 poeu-

277 4059 287 4091 f
303 4062 420 4123 Corrupto
430 4065 461 4110 cd
471 4061 556 4124 uetur]
581 4061 691 4112 Quidam
701 4062 775 4110 scelte
814 4062 867 4112 lunt
878 4064 983 4125 ignarus
1001 4062 1093 4110 delict
1112 4060 1207 4124 puerili
1218 4059 1346 4111 fucilltste

245 4136 278 4186 de
289 4136 418 4186 adulterio
430 4144 530 4185 tentum
541 4137 707 4201 intelligunt:
725 4151 774 4200 ego
815 4152 846 4188 uc
857 4138 1001 4188 securitate
1009 4136 1141 4200 ebibisset,
1152 4138 1202 4185 dec.
1345 4141 1348 4148 ⁴

244 4212 367 4278 putabam
379 4212 465 4276 potius
476 4212 670 4280 eudemum-iri
682 4211 724 4263 bie
736 4212 776 4262 iu·
912 4239 915 4244 >
