3075 4917
187 385 326 450 austu
556 378 762 433 enatarunt
787 383 859 433 mu.
884 386 919 434 ν.
1225 372 1290 438 857

166 498 535 603 'rcmventsmuue
549 525 719 607 eumque
743 524 938 606 aegritudine
960 526 1063 590 ammi
1082 525 1200 592 finiet.
1244 527 1292 594 At

190 626 411 709 Pomponius,
426 626 532 691 multa
546 645 675 691 morum
692 625 858 708 elegantia
871 631 905 690 et
917 629 1048 709 ingenio
1063 629 1196 705 illustri,
1212 629 1291 695 dum

191 726 366 793 adversam
380 728 545 793 susurnam
559 747 675 811 aequus
689 729 818 806 tolerat,
833 728 970 794 Tiberio
985 737 1158 813 superstes
1172 732 1245 795 fuit.

233 831 267 895 9.
298 830 463 895 Placitum
478 830 633 915 posthac,
666 835 677 863 ‘
692 835 730 894 ut
744 832 779 893 in
792 831 951 913 reliquos¹
966 832 1082 915 Sejani
1095 833 1217 896 liberos
1230 833 1291 898 ad·

190 930 390 1012 verteretur;’
405 936 599 995 vanescente
608 948 800 1014 quanquam
810 932 917 1016 plebis
929 934 990 1009 ira,
1003 952 1043 997 uc
1051 935 1216 1018 plerisque
1230 954 1292 1017 per

189 1033 300 1115 priora
313 1032 615 1116 supplicarentur.
658 1031 763 1113 Igitur
776 1038 948 1115 portantur
961 1035 996 1097 in
1010 1054 1187 1112 carcerem,
1198 1036 1289 1101 filius

188 1134 430 1198 imminentium
440 1134 632 1214 intelligens,
642 1132 757 1216 puella
766 1131 853 1197 adeo
867 1135 1005 1212 nescia,y
1017 1142 1055 1201 nt
1067 1138 1182 1203 crebro
1193 1139 1288 1200 inter·

191 1232 330 1317 rugaret,
355 1235 469 1317 ‘quod
484 1235 528 1299 ob
542 1234 710 1312 delictum,
726 1239 760 1297 et
774 1254 842 1317 quo
858 1236 1064 1300 trahereturl
1088 1256 1193 1320 neque
1221 1222 1292 1302 fac?

191 1340 298 1399 turam
312 1338 396 1403 ultra
409 1336 428 1399 :’
451 1341 495 1413 et,
511 1339 521 1369 ‘
535 1354 636 1420 posse
646 1355 682 1400 se
693 1336 814 1419 puerili
828 1339 963 1403 verbere
974 1337 1119 1402 moneri.’
1140 1330 1291 1404 Tradunt

191 1439 350 1522 temporis
366 1438 440 1521 ejus
455 1442 618 1513 auctores,
644 1436 766 1520 ‘quia'
778 1435 988 1502 Triumvirali
1011 1438 1178 1523 supplicio
1201 1437 1292 1503 affici

191 1539 373 1622 virginem,¹
392 1538 577 1603 inauditum
589 1538 786 1614 habebatur,
807 1557 829 1601 a
841 1539 1007 1619 camifice,
1017 1540 1175 1622 laqueum·
1180 1539 1290 1622 juxta,

191 1715 236 1752 aas
245 1702 310 1751 uenis
320 1702 422 1766 inflixit,
432 1708 455 1751 et
466 1701 586 1763 conductas
602 1703 673 1752 tatu
688 1708 789 1752 mortem
802 1702 869 1753 obiit.
902 1704 952 1754 Sed
962 1705 1106 1767 Pomponius
1123 1704 1226 1766 plurimo
1237 1717 1291 1752 sau·

191 1766 373 1878 matorum,
389 1773 414 1815 et
425 1768 522 1829 ingenio
537 1766 629 1832 cekdri,
637 1766 823 1826 clarafontanam
842 1769 1009 1832 imprsqtercm
1019 1782 1085 1830 oeqau
1095 1767 1292 1830 animositatum,
1353 1776 1355 1783 ‘

274 1845 287 1877 ο
296 1845 324 1878 m
429 1864 436 1879 b

224 1837 452 1957 Daremma,
462 1890 492 1944 ut
503 1894 530 1943 in
541 1900 654 1943 ceteram
666 1894 753 1958 Sejani
767 1893 881 1943 sobolem
903 1895 1153 1945 animadverteretur
1163 1909 1170 1953 3
1187 1892 1293 1956 quamuis

189 1960 320 2007 tenemento
330 1959 384 2019 J'um
403 1958 567 2021 indignatione
576 1958 652 2020 omri,
662 1964 687 2007 ct
697 1960 780 2008 multis
788 1973 831 2021 per
845 1959 925 2022 primu
935 1959 1050 2022 supplicio
1063 1958 1173 2022 placatis.
1208 1959 1292 2020 Itaque

190 2022 317 2083 rapiantur
327 2023 499 2085 inmundicia,
508 2022 579 2088 filias
594 2023 779 2086 impendentium
797 2023 922 2072 malornm
938 2038 1036 2085 mres,
1052 2023 1111 2087 filiu
1129 2024 1186 2071 odeo
1204 2021 1291 2083 larcia,

192 2091 220 2134 at
228 2086 569 2151 idmidcumaoereretqusm
581 2087 614 2136 ob
623 2088 735 2150 culpam,
744 2094 773 2135 et
782 2101 832 2150 quo
842 2088 994 2149 raperetur?
1005 2089 1098 2151 Neque
1110 2086 1294 2136 secommissu·

192 2164 246 2198 ram
259 2151 379 2214 amplius,
389 2158 417 2200 et
428 2166 505 2215 posse
522 2166 549 2200 se
569 2151 662 2214 puerili
680 2149 763 2214 flagro
782 2151 887 2213 corripi.
904 2152 1040 2201 Memoroat
1049 2151 1098 2211 ejus
1106 2154 1151 2198 aeoi
1158 2152 1292 2212 κήρινα,

192 2213 253 2277 quia
261 2228 331 2263 more
348 2215 444 2266 tradito
455 2215 529 2265 nefas
541 2223 598 2266 erat
610 2215 722 2277 puellam
734 2229 782 2278 per
792 2215 937 2264 triumviros
949 2215 1075 2278 capitales
1086 2213 1208 2275 interfici,
1219 2213 1291 2283 prius

689 2358 799 2411 NOTAE

224 2463 238 2490 ¹
253 2457 285 2506 Its
294 2458 406 2522 rubeos]
431 2459 474 2508 An
484 2457 563 2508 liberi
583 2457 663 2523 aliqui
677 2459 721 2506 Se·
764 2457 930 2520 strangulari,
941 2457 1039 2509 vitiatae
1051 2457 1123 2520 prius
1134 2471 1150 2504 a
1161 2452 1293 2516 carnifice,

188 2532 245 2596 jani
256 2534 312 2597 jam
330 2534 414 2597 puniti
429 2535 519 2583 erant?
538 2532 665 2597 suspicari
678 2548 722 2582 au·
763 2533 823 2581 dein
840 2534 1007 2596 strangulatae
1016 2539 1032 2593 ς’
1048 2534 1116 2598 quod
1135 2547 1185 2582 uno
1197 2534 1253 2582 loco
1265 2537 1294 2581 et

192 2608 265 2658 deam
281 2624 329 2674 per
339 2609 487 2673 clrehqaos,
503 2610 600 2659 debere
611 2609 723 2673 intelllgi
762 2610 842 2658 semel
862 2610 1014 2659 memorauit
1032 2608 1187 2667 Suetonium
1213 2609 1294 2656 semel

191 2684 287 2734 liberos
305 2674 352 2750 qui
368 2687 522 2750 superstites
541 2690 629 2753 essent
647 2685 724 2747 patri,
762 2692 791 2733 et
804 2684 918 2749 Dlo‚qui
930 2698 980 2733 non
991 2684 1018 2733 id
1034 2684 1210 2746 reticuissent,
1220 2683 1241 2733 si
1254 2683 1293 2733 his

192 2768 238 2809 seu
249 2763 321 2810 casui
332 2766 360 2811 et
369 2762 449 2812 exitio
465 2760 547 2810 illius:
571 2767 599 2810 et
609 2758 722 2823 Apicata
762 2761 790 2808 in
800 2761 888 2824 sejani
898 2761 990 2809 liberos
1001 2761 1119 2810 saevitum
1131 2767 1210 2810 esset.

193 2836 355 2902 uxorSejani
374 2838 489 2887 ordinem
506 2836 612 2887 sceleris
622 2849 669 2885 seu
682 2850 723 2884 ue·
795 2844 806 2879 1
822 2837 906 2889 Puella
914 2837 1077 2899 mmmmm·
1094 2837 1145 2886 llla
1158 2837 1224 2900 ipsa,
1234 2851 1293 2901 quaa

192 2913 254 2965 neni
277 2915 365 2963 Druso
386 2914 519 2977 propinati
539 2917 723 2966 mmtmtum
762 2927 856 2975 sponsa
864 2912 966 2962 Claudii
977 2911 1039 2975 filio,
1051 2919 1082 2961 ut
1092 2912 1133 2962 hic
1144 2918 1219 2962 notat
1231 2912 1302 2962 Dio„

194 2990 373 3054 aperuit,cum
392 2990 460 3039 tratri
470 2989 536 3039 tilios
549 3003 609 3039 suos
619 2989 651 3037 ad
664 3002 722 3051 sup·
761 2987 867 3051 Lipsius.
1130 3021 1133 3027 .
1182 3005 1190 3011 .
1283 3020 1287 3029 .

193 3067 300 3130 plicitum
309 3068 427 3131 vidissem
437 3068 505 3132 quod
514 3067 604 3130 semel,
612 3072 724 3130 utputo,
794 3071 805 3094 ²
818 3062 971 3112 Triumuirali
978 3061 1294 3127 supplicioqffleioitgittem]

108 3150 117 3158 ’
193 3151 328 3207 peractum
338 3150 389 3193 est.
712 3180 716 3191 .
761 3137 908 3200 Triumviri,
919 3137 963 3201 qui
973 3132 1146 3198 aliasjudices
1157 3134 1294 3198 capitales,

226 3221 263 3270 Et
274 3234 332 3269 cum
342 3220 415 3270 addit
424 3220 548 3270 Tacitus:
568 3219 576 3246 ‘
589 3224 724 3282 portantur
762 3229 867 3278 prorsus
877 3213 955 3262 iidem
967 3214 1067 3273 Romae,
1078 3213 1120 3275 qui
1130 3209 1296 3271 Undecimt'n-

187 3297 221 3357 ,in
242 3309 374 3347 carcerem
393 3295 471 3359 filius,
487 3285 537 3347 dre.
554 3293 641 3358 puella
657 3293 723 3342 adeo
763 3290 787 3337 ri
806 3288 932 3338 Athenis:
958 3300 1049 3335 munus
1070 3300 1158 3345 eorum
1184 3298 1295 3348 praesse

192 3372 281 3422 nescia
290 3372 307 3433 ;’
325 3373 399 3437 qnasi
409 3373 443 3421 de
454 3372 529 3420 unico
539 3369 601 3434 filio,
611 3369 725 3418 etunica
762 3364 870 3424 caruem,
892 3362 984 3425 punire
1007 3361 1161 3420 damnatos;
1181 3362 1295 3424 itemque

193 3448 282 3512 puella
293 3447 396 3507 uidetur
406 3446 561 3509 intelligere,
572 3459 631 3508 qaae
644 3443 724 3492 desti·
762 3453 919 3504 cognoscere
931 3438 964 3486 de
976 3435 1053 3486 furtis
1063 3436 1232 3499 admissisque
1242 3447 1296 3483 ser-

193 3529 258 3572 uata
282 3521 410 3586 quondam
438 3520 492 3571 lilio
520 3519 623 3569 Claudii
650 3532 722 3568 uxor.
762 3528 862 3576 vorum,
882 3519 928 3561 aut
947 3510 1073 3574 ejusmodi
1097 3508 1296 3573 viliorumcapi·

192 3594 353 3648 Auteannos
365 3602 424 3647 octo
444 3596 532 3660 eje'cta
549 3595 626 3644 domo
635 3594 724 3657 sejani
763 3586 1163 3652 tum,adMueniamcolumnam.
1285 3632 1288 3643 y

193 3673 317 3737 Apicum,
324 3674 412 3738 sicque
419 3674 459 3722 illi
469 3671 544 3721 liberi
553 3670 667 3720 noudum
678 3684 724 3733 pu·
798 3664 872 3716 Quod
885 3663 953 3712 idem
964 3662 991 3709 in
1002 3659 1201 3709 Atheniensibus
1214 3656 1296 3708 subsc

192 3749 323 3799 bertatem
342 3749 450 3813 ingressi
465 3745 548 3811 erant,
565 3746 633 3796 illins
650 3759 724 3810 gram
764 3741 837 3791 disco
849 3738 990 3788 exSuida:
1009 3733 1205 3784 ‘Undecimriri
1215 3732 1297 3791 Athes-

194 3823 262 3885 diot,
273 3831 446 3888 praetextatus
456 3829 551 3872 tamen.
763 3818 803 3866 uis
812 3824 872 3865 sunt
880 3815 1044 3877 magistratus
1051 3810 1188 3874 quicuram
1196 3808 1296 3857 habent

227 3898 304 3949 Hanc
318 3899 503 3963 suppliciorum
518 3904 630 3961 stragem
641 3894 724 3945 refert
764 3906 853 3941 eorum
872 3890 917 3955 qui
928 3887 1042 3937 damnati
1061 3890 1130 3945 sunt,
1145 3884 1297 3948 incarcere,

192 3973 301 4024 Sueten.
320 3974 377 4023 Tib.
396 3978 438 4023 ut.
465 3972 589 4036 ‘Viginti
607 3986 659 4020 uno
680 3971 724 4021 die
765 3956 1321 4030 adquosducebanturfuresetplagiarii.’,

172 4066 176 4075 ’
193 4046 292 4113 abjecti
300 4050 430 4115 tractique
440 4056 508 4110 sunt,
519 4050 586 4098 inter
595 4064 639 4099 eos
650 4049 723 4113 pueri
763 4046 822 4094 Nec
831 4040 930 4103 ambigo
941 4036 1002 4102 quin
1017 4035 1137 4087 Romanis
1148 4036 1296 4103 exemplum

192 4123 355 4175 etfamiuae.
388 4126 538 4177 Immaturae
552 4125 726 4190 puellaeque
742 4180 746 4185 ‚
764 4118 834 4169 inde.
1088 4186 1093 4197 .
1285 4152 1289 4159 ,

192 4215 266 4254 mere
289 4201 387 4254 tradito
417 4199 492 4263 nefas
513 4207 584 4255 esset
610 4200 724 4266 virgines
797 4193 849 4246 secl
868 4204 923 4254 cur,
941 4187 989 4254 ait,
1006 4186 1152 4241 inauditum
1171 4187 1297 4255 virginem
