3075 4917
274 350 360 420 1138
627 368 659 416 c.
682 363 864 414 constan
886 363 1014 413 ructet
1213 365 1374 433 [nutu.

274 511 432 597 quidemst
467 510 601 576 sodex
630 511 753 594 quibos
798 473 975 577 deterrima
1006 506 1177 585 orirentur,
1222 506 1368 573 tristitiis

276 614 435 682 manian
895 657 900 662 -

275 778 400 830 metentur
406 778 488 831 nuta
493 781 600 844 potrutt's
608 794 672 844 ntor,
683 786 707 830 et
720 779 850 844 perpetuis.

736 955 913 982 «mmm

275 1069 1375 1153 parsfsmaeejusapudposteros.’Ryek.—⁸Iiiclocusquouirmtuaiedistinctuserat

275 1140 425 1192 ruomuibus
435 1140 560 1190 Edduoo
570 1139 720 1188 tuteiiectus
731 1143 772 1187 est
780 1137 981 1202 interpretibus.
997 1139 1129 1189 Pntatuut
1138 1134 1266 1186 eutmfere
1277 1149 1376 1199 omues,

273 1206 371 1264 haedo
390 1204 522 1281 respicere
550 1203 678 1278 quanorio
689 1201 805 1278 insignio,
823 1201 998 1252 diversimode
1015 1209 1102 1279 tamen
1118 1201 1295 1277 explicantes:
1319 1200 1375 1267 aiii,

273 1268 834 1395 armemanensis
841 1263 1376 1391 sumsit

275 1412 323 1460 pro
334 1396 438 1447 diversa
452 1396 579 1446 lectiones
599 1394 653 1456 aiii,
663 1394 773 1444 honesta
787 1395 885 1453 schum,
896 1399 922 1444 ut
936 1394 1026 1444 tuoto
1040 1395 1100 1443 nihii
1110 1393 1210 1457 amplias
1218 1393 1374 1455 tribueretur,

274 1476 345 1523 quum
355 1461 482 1525 questoria
492 1460 607 1522 insignio,
616 1460 705 1508 irosbc
715 1459 896 1521 intelligendum
912 1465 1015 1522 putant,
1027 1463 1124 1523 propter
1133 1458 1305 1519 corruptionem
1317 1460 1375 1505 torn·

272 1540 367 1600 porum,
381 1524 462 1588 quihus
479 1523 638 1600 noideiiberti
654 1523 792 1599 phun,
815 1523 934 1600 ⁸⁶de
949 1537 1028 1601 emor
1042 1522 1155 1597 flagitio
1164 1523 1281 1584 Princeps
1298 1522 1376 1573 inulte

271 1586 1376 1703 {induitintuittttttttttttiititttttitittitiant:

186 1769 188 1772 ,
273 1716 354 1780 pitur.
387 1717 453 1766 Mihi
471 1717 576 1766 Tacitus
595 1715 669 1765 brevi
680 1717 728 1766 hoc
745 1714 946 1779 epiphonemate
960 1715 1116 1765 sententiam
1131 1729 1203 1764 suam
1214 1729 1295 1778 super
1306 1715 1377 1763 Mes·

274 1782 373 1830 saiiinsr
390 1780 462 1832 crede
475 1797 491 1829 a
507 1781 622 1829 Narcisso
634 1786 785 1844 perpetrata
796 1778 913 1843 proferre
932 1780 1042 1829 voluisse
1055 1779 1171 1828 videtur:
1190 1780 1266 1842 cujus
1277 1793 1375 1842 sensus,

273 1846 401 1894 neminem
414 1846 540 1894 adulterae
550 1844 624 1908 hujus
635 1857 725 1893 necem
737 1858 861 1892 accusare
873 1844 978 1905 debere,
989 1845 1110 1908 quoniam
1122 1858 1167 1892 suo
1177 1844 1272 1892 merito
1292 1843 1374 1905 poeuis

273 1907 378 1959 affecta.
409 1910 519 1959 Interim
541 1907 696 1958 dissimulari
718 1922 768 1956 nou
785 1923 871 1971 posse,
890 1923 922 1957 ex
940 1909 989 1958 hae
1007 1907 1090 1969 caede,
1108 1913 1229 1972 tanquam
1246 1907 1373 1957 malorum

273 1971 356 2031 fonte,
377 1974 458 2023 muita
474 1981 503 2023 et
519 1986 613 2037 magna
636 1972 736 2022 scelera
747 1971 911 2036 profluxisse,
936 1987 993 2035 qum
1015 1986 1146 2083 nuutfuam
1163 1972 1255 2034 punita
1267 1969 1375 2022 fuerint.

271 2037 422 2087 biessaiiiua
443 2038 512 2086 euim
531 2037 600 2098 viva,
618 2050 746 2099 naamam
765 2038 850 2085 iocum
871 2037 978 2086 incestis
998 2037 1096 2099 nuptis
1118 2035 1225 2097 factum,
1243 2049 1373 2099 nunquam

270 2099 398 2151 veneficio
416 2100 569 2162 Britannici,
580 2115 709 2164 nunquam
725 2106 765 2149 tot
781 2100 931 2163 sceleribus,
947 2100 1041 2164 quibus
1054 2101 1125 2149 Nero
1136 2099 1224 2149 orbem
1245 2105 1372 2150 terrarum

271 2162 411 2215 infestarit.
443 2165 593 2228 separanda
609 2164 688 2227 igitur
704 2163 877 2214 distinctionis
893 2165 997 2227 majoris
1015 2169 1078 2213 uota
1094 2164 1150 2214 itaec
1172 2163 1252 2212 verba
1270 2178 1286 2212 a
1305 2173 1373 2225 prve-

272 2229 378 2280 eedeuti
389 2229 504 2294 periodo.
524 2228 690 2293 Bactrius—d
701 2228 848 2279 Gronovius
855 2234 882 2278 et
890 2229 1005 2292 Ryckitts
1015 2228 1097 2283 edunt
1107 2229 1190 2283 inultis
1200 2227 1258 2282 vice
1266 2227 1372 2290 maia„

764 2376 873 2429 NOTAE

270 2487 316 2538 bat
336 2486 481 2555 agebatque
497 2490 642 2554 Narcissus,
657 2504 715 2539 curn
727 2488 799 2539 adul·
839 2504 912 2539 orum
937 2490 1009 2539 vices
1025 2489 1185 2551 certissima,
1205 2489 1243 2538 sic
1263 2492 1370 2551 regente

269 2564 337 2612 teria
357 2563 510 2619 nasutius
526 2572 555 2615 et
566 2566 632 2616 tales
647 2565 751 2629 nuptias
762 2566 799 2615 Si·
839 2566 956 2629 unmiue,
968 2567 1040 2630 cujus
1056 2566 1194 2630 imperinm
1203 2570 1244 2615 est
1259 2564 1286 2615 iu
1301 2566 1371 2630 ipsos

267 2638 463 2696 iiiviudicarei.
840 2656 925 2706 reges.
1002 2671 1005 2676 ·
1364 2661 1367 2672 ·

301 2716 346 2767 Ex
362 2718 463 2782 quibus,
481 2717 589 2768 licetiris
599 2718 722 2780 honestis,
738 2718 800 2768 oriri
873 2718 990 2779 Fiogita'is
1000 2717 1095 2780 mutis]
1108 2719 1240 2770 Quantum
1250 2715 1372 2780 conjicio,

268 2806 329 2842 mox
339 2793 472 2843 debebant
480 2795 557 2857 louge
567 2795 695 2842 deterrimo
702 2792 800 2843 facino·
839 2809 891 2844 non
908 2796 946 2845 sic
964 2795 1069 2858 scripsit
1087 2794 1201 2843 Tacitus.
1236 2792 1304 2842 Natu
1323 2790 1371 2840 fai-

267 2881 305 2926 ra,
316 2883 393 2933 quam
404 2884 435 2919 ea
451 2884 509 2934 quar
520 2868 670 2918 vindicabat
681 2868 801 2933 libertus,
838 2883 894 2919 snut
913 2865 954 2919 est
971 2868 1071 2932 flagitia
1082 2866 1218 2932 sequteutia
1234 2865 1313 2915 fuisse
1332 2866 1370 2914 itt·

266 2957 370 3010 nempe,
394 2945 501 2995 incestae
523 2945 621 3007 nuptiae
640 2944 801 3007 Agrippina,
838 2945 903 2993 uhu:
920 2945 998 2993 immo
1010 2944 1152 3007 asperrime
1160 2940 1293 2990 vindicata
1309 2946 1370 2990 suut

265 3032 345 3069 neces
371 3019 509 3069 iiiustrium
539 3018 642 3082 civium,
665 3018 800 3082 veneficia,
838 3019 1130 3082 inipsorumauctores.

266 3097 315 3144 &c
326 3094 359 3144 de
371 3094 462 3159 quibus
473 3092 641 3158 sequentibus
660 3091 733 3141 iibris
749 3097 798 3140 trs·
871 3093 983 3158 Scripsit
994 3094 1089 3157 potius,
1104 3091 1208 3153 flagitiis
1218 3092 1299 3141 naith
1307 3107 1317 3149 ,·
1332 3092 1371 3142 itu

265 3168 366 3219 diturus
378 3173 419 3219 est
426 3168 538 3218 Tacitus.
837 3176 868 3219 ut
883 3184 966 3233 pauca
986 3169 1102 3234 quaedam
1122 3169 1164 3216 hic
1179 3168 1282 3228 desiut3
1300 3167 1370 3218 forte

296 3244 446 3306 affigitis
471 3240 565 3303 mitis]
590 3242 675 3305 Vulgo
694 3242 795 3303 inuitis3
836 3246 970 3294 hocseusn
981 3245 1089 3307 flagitiis
1098 3246 1186 3305 mltis,
1203 3249 1370 3308 mantuo·

265 3320 311 3370 ted
323 3321 408 3369 malim
417 3320 513 3377 matti„
529 3319 567 3369 ita
578 3325 607 3368 ut
618 3320 704 3384 aiiqua
713 3321 796 3371 verba
835 3321 935 3370 rioribus
942 3324 1093 3384 perpetratis.
1123 3320 1200 3373 Quod
1212 3329 1301 3370 verum
1311 3319 1370 3371 eise

263 3396 307 3453 hic
323 3395 413 3452 deesse
435 3401 538 3459 putem:
566 3395 635 3466 quod
657 3397 691 3444 de
713 3397 797 3446 inuitis
837 3403 911 3460 patet
923 3412 956 3446 ex
967 3398 1076 3446 historia
1086 3397 1214 3461 sequenti.

263 3469 385 3534 afferunt,
404 3471 567 3526 falsissimum
592 3480 666 3542 puto,
686 3474 795 3539 quippe,
869 3473 971 3522 Falsum
980 3474 1058 3522 etiam
1066 3480 1106 3522 est
1116 3472 1183 3536 quod
1193 3472 1292 3534 dicunt,
1301 3473 1370 3523 Nar-

264 3561 297 3595 an
306 3545 404 3609 flagitia
414 3547 495 3610 ipsius
507 3547 623 3597 Narcissi
631 3545 726 3598 intuo?
742 3555 795 3597 sta·
836 3547 929 3597 ciosum
942 3548 1108 3612 postea,quia
1116 3548 1251 3597 habuisset
1259 3549 1322 3598 taiia
1330 3550 1369 3599 itt-

262 3623 380 3687 tiutpost
391 3623 591 3672 Ciaudiiuecetn
603 3622 636 3673 ab
649 3623 794 3687 Agrippina
833 3624 921 3685 signin
929 3625 1078 3687 prorupisse
1093 3626 1119 3673 iu
1133 3624 1265 3675 deteriora
1281 3625 1370 3674 enimi.

263 3698 364 3749 occisus
374 3705 422 3747 est.
444 3696 487 3747 Au
499 3699 605 3748 incestae
618 3698 720 3748 Claudii
730 3713 794 3762 nup·
834 3713 885 3749 ua:
903 3700 979 3748 immo
997 3699 1186 3749 adversabatur
1202 3697 1367 3764 impotentius

260 3773 794 3840 iim?venenoettotoexitioviudicatum
835 3779 863 3822 et
889 3774 1030 3823 sceleribus
1052 3774 1214 3838 Agrippina.
1248 3777 1307 3826 Nec
1330 3778 1369 3826 le-

261 3852 311 3902 est.
346 3846 387 3905 ho
406 3849 486 3912 ipsius
505 3848 658 3912 Agrippinae
677 3846 793 3912 flagitia?
832 3861 887 3912 ges,
904 3848 983 3897 uiiuut
999 3849 1135 3897 admissum
1151 3853 1368 3912 posteasceiuss‘

260 3938 328 3973 nece
355 3931 382 3973 et
408 3924 548 3987 parricidio
570 3924 704 3974 vindicata
721 3929 791 3973 sunt.
832 3924 971 3973 Narcisso:
1007 3925 1084 3974 immo
1105 3940 1163 3973 curn
1185 3941 1232 3974 suo
1260 3926 1367 3977 domiuo

261 3998 305 4050 An
325 3999 405 4062 ipsius
422 4000 535 4049 Neronis
555 4000 671 4049 scelera?
698 4000 754 4063 ipse
776 3999 791 4048 u'
830 3998 914 4066 tidelis¹
930 4014 1018 4048 servus
1033 4001 1119 4049 statim
1131 4001 1240 4063 occisus,
1252 4016 1367 4066 eumque

261 4078 352 4138 senatu
369 4075 513 4137 damnatus,
529 4082 559 4124 ut
575 4090 645 4124 more
663 4076 790 4139 majorum
831 4076 900 4137 apud
909 4073 1005 4125 inferos
1015 4076 1152 4125 comitatus
1162 4084 1211 4126 est.
1241 4077 1311 4126 Vide
1318 4077 1368 4136 aa,

260 4156 407 4213 necaretur,
415 4156 443 4199 et
455 4166 501 4206 sno
512 4163 590 4200 mauu
606 4151 691 4214 periit.
723 4152 790 4200 Sunt
830 4165 921 4202 necant
932 4153 959 4201 iu
970 4153 1052 4202 Ludo.

260 4231 345 4290 certe,
358 4230 387 4276 ut
403 4226 539 4294 scelerum,
560 4226 599 4278 itt
615 4232 643 4280 et
666 4227 789 4298 supplici·
861 4228 989 4298 flagitiis]
1002 4229 1068 4281 tiss.
1081 4228 1298 4284 ihistitiisnutttir
1308 4229 1365 4282 Atii
