3075 4917
159 396 317 459 r.c.sr.]·
518 391 723 442 aunuuruu
747 393 894 442 urssvr.
1193 379 1259 447 tm

159 540 304 603 incertus
329 537 443 613 animi,
468 536 557 599 fesso
585 553 733 619 corpore,
759 539 946 614 consilinm,
970 537 1155 620 cui'irnp'ar
1176 543 1258 613 erat,

158 640 229 703 fato
242 640 409 722 permisit;
428 639 531 721 jactis
544 642 653 701 tamen
667 638 820 715 vocibus,
841 658 901 722 per
923 658 1008 722 quas
1031 640 1260 720 intelligeretur

157 741 319 824 providus
343 738 548 802 futurorum.t
591 739 744 822 Namque
772 740 936 817 Macroni,
962 761 1026 804 non
1052 740 1164 804 abdita
1189 760 1258 803 am·

159 843 258 923 hage,
274 847 284 874 ‘
300 840 511 904 Occidentem
526 842 569 903 ab
583 860 624 903 eo
638 840 772 917 deseri,¹¹
786 840 952 905 Orientem
969 841 1124 924 spectari’
1138 860 1258 924 expro-¹

158 942 277 1007 brevit
321 942 364 1006 Et
387 942 426 1006 C.
442 941 582 1018 Caesari,
603 943 682 1007 sorte
707 949 781 1007 orto
802 963 958 1021 sermone,
983 943 1021 1008 L.
1038 943 1164 1025 Syllam
1187 939 1258 1005 irriss

158 1045 258 1121 dean,
284 1045 418 1107 ‘omnia
438 1045 539 1126 Syllae
560 1045 653 1120 vitia,
668 1049 700 1106 et
720 1044 846 1107 nullam
860 1044 1008 1128 ejusdem
1031 1046 1185 1107 virtutem
1198 1042 1257 1104 ha·

157 1145 327 1223 biturum,'
347 1147 504 1228 praedixit
516 1155 540 1207 :v
561 1146 658 1209 simul
675 1146 799 1208 crebris
819 1165 897 1208 cum
917 1146 1072 1229 lacrymis
1097 1144 1257 1207 minorem

158 1268 204 1311 ex
228 1248 403 1331 nepotibus
428 1250 634 1331 complexus,
661 1249 747 1310 truci
773 1247 906 1310 alterius
932 1247 1065 1310 vultu:W
1087 1227 1257 1308 ‘Occides

157 1349 257 1412 bunc¹
272 1349 329 1425 tu,'
344 1350 462 1432 iuquit,
480 1356 534 1415 ‘et
547 1357 579 1414 te
597 1348 704 1413 alius!
750 1347 817 1411 Sed
832 1353 1045 1429 gravescente
1058 1346 1255 1422 valetudine,

152 1536 267 1593 postcras.
301 1531 365 1580 Dein
373 1534 475 1594 peridem
484 1531 558 1579 animi
569 1535 592 1579 et
602 1547 666 1588 aegro
682 1546 785 1594 corpore,
793 1530 942 1592 prudentiam
952 1530 990 1578 cui
1002 1545 1047 1577 uon
1055 1527 1182 1593 sufficiebat
1197 1526 1258 1590 ipse,

156 1596 216 1643 sorti
227 1600 251 1644 et
262 1593 369 1654 fortune
378 1596 493 1657 reliquit,·
507 1596 607 1658 premiis
616 1601 693 1644 tamen
704 1595 790 1654 rubis,
800 1609 842 1657 per
860 1610 912 1657 quie
929 1599 1094 1656 agnosceretur
1105 1592 1189 1652 fiduci
1196 1607 1258 1655 prer-

156 1659 227 1707 scius.
262 1659 354 1722 Quippe
366 1661 476 1708 Macroni
486 1665 562 1707 amoto
573 1661 641 1708 omni
652 1660 807 1720 ambiguitate
818 1658 949 1719 objectavit,
970 1658 1141 1718 Occidentem
1162 1655 1195 1704 ab
1213 1655 1258 1704 iilo

157 1724 277 1785 relinqui,
290 1723 426 1773 Orientem
438 1724 532 1786 uspici3
548 1730 572 1772 et
585 1725 730 1785 Caligulam,
743 1724 786 1786 qni
801 1722 868 1779 sorte
879 1723 942 1771 iuter
951 1722 1089 1784 colloquium
1100 1722 1217 1769 demumst
1227 1720 1258 1772 L.

156 1788 259 1850 Sullam,
272 1789 424 1851 premonuit,
434 1794 530 1837 cuncta
544 1788 623 1851 Sylla
639 1786 746 1851 flagitia,
765 1795 792 1836 et
810 1788 904 1836 nullum
922 1787 1045 1835 bonarum
1066 1785 1160 1834 artium
1177 1784 1258 1847 ipsius
1326 1809 1330 1813 ·

157 1852 322 1911 habiturum3
339 1859 409 1915 atque
420 1853 493 1901 etiam
503 1867 564 1914 sepe
576 1852 675 1915 fletibus
687 1853 819 1912 indulgens,
831 1856 855 1899 et
866 1852 978 1900 minorem
997 1857 1060 1898 natu
1076 1854 1183 1912 nepotem
1192 1849 1258 1897 deor·

156 1918 256 1979 otiatus,
266 1921 331 1965 torro
339 1918 438 1966 citemus
448 1918 549 1981 nepotis
561 1917 666 1965 iutuitu:
682 1915 828 1965 Interficies
839 1917 906 1964 bunc
925 1923 962 1978 tn,
979 1915 1023 1979 ait,
1040 1921 1067 1963 et
1078 1920 1104 1962 te
1116 1914 1189 1962 alius.
1221 1912 1258 1961 Ar

657 2080 763 2129 NorAE

188 2193 198 2223 ¹
213 2190 370 2253 Futurorum]
387 2191 478 2240 Futuri
490 2192 610 2255 providus
620 2190 688 2240 dixit
726 2189 794 2239 cium
807 2187 924 2238 datorum
935 2187 1100 2252 cupidissime
1110 2186 1258 2235 interesset:

155 2267 285 2329 Macroni,
304 2268 439 2317 Orientem
461 2269 494 2316 ab
515 2282 545 2317 eo
563 2269 688 2330 spectari,
726 2271 753 2313 et
764 2278 858 2328 mneos
869 2262 1257 2328 atqueadulteriacapillamen·

154 2355 248 2405 nempe
260 2344 393 2406 praescius,
404 2344 467 2392 licet
483 2343 539 2406 ipse
550 2345 614 2391 nihil
632 2350 686 2391 tum
725 2333 753 2388 to
765 2341 865 2389 celatus
877 2346 904 2388 et
914 2347 987 2388 veste
999 2339 1075 2401 longa
1084 2337 1204 2386 noctibus
1212 2337 1258 2386 ob·e

156 2418 309 2470 decerneret
328 2419 361 2468 de
382 2419 553 2480 antecessione,
571 2418 685 2467 futurum
725 2416 791 2465 iret:
811 2431 841 2464 ac
849 2417 964 2465 scenicas
974 2414 1085 2463 saltandi
1097 2412 1259 2476 canendique

154 2489 337 2558 imperatorem
350 2495 501 2558 Caligulam.
725 2490 992 2544 artesstudlosissime
1008 2495 1163 2552 appeteret:
1180 2486 1258 2536 facile

188 2578 200 2602 ¹¹
218 2572 366 2619 Occidentem
385 2570 414 2618 ab
434 2586 459 2618 eo
481 2569 568 2632 deum]
594 2569 686 2619 Gloria
725 2568 751 2630 id
769 2582 831 2616 sune
847 2567 950 2616 Tiberio
967 2564 1126 2629 patiente,si
1145 2576 1194 2627 per
1211 2563 1260 2611 bas'

155 2648 225 2695 acuti
236 2646 302 2695 dicti
312 2661 392 2710 penes
401 2647 564 2709 Pompeium,
574 2647 618 2709 qui
630 2646 685 2708 Syl·
725 2642 888 2693 mansuefieri
907 2648 997 2706 posset
1015 2640 1099 2690 ferrem
1119 2637 1257 2703 ingenium.

154 2724 186 2771 lae
199 2723 338 2784 abneganti
355 2723 511 2786 triumphum
527 2722 687 2772 confidenter
725 2720 802 2771 Quod
813 2718 986 2781 sagacissimus
1003 2729 1082 2766 senex
1098 2716 1137 2764 ita
1153 2721 1256 2779 prorsus

156 2800 239 2848 dixit:
258 2799 353 2850 ‘Quod
364 2800 448 2862 plures
457 2801 541 2848 Solem
549 2798 685 2860 orientem,
725 2801 903 2859 perspexerat,
911 2801 941 2843 ut
949 2794 1085 2858 aliquoties
1093 2792 1258 2856 praedicaret,

153 2890 230 2939 quam
248 2875 410 2924 occidentem
427 2874 572 2924 adorarent,
603 2874 685 2937 Signi·
724 2874 805 2923 exitio
817 2889 862 2923 suo
874 2873 1038 2937 omniumque
1050 2872 1141 2921 Caium
1151 2871 1256 2919 rivere:

153 2949 234 3002 ficana
247 2966 317 2999 suam
329 2952 606 3015 crescere-potentiam,
617 2951 684 2999 iilius
724 2957 752 2998 et
764 2965 792 2998 se
804 2950 949 3008 Nutricem,
967 2947 1108 3012 (serpentis
1124 2946 1150 2994 id
1163 2942 1256 3009 genus)

154 3042 296 3077 vanescere
308 3035 337 3076 et
349 3028 483 3077 marcere!
724 3027 820 3090 populo
833 3027 907 3074 Rom.
926 3023 1099 3073 Phaetontem
1109 3020 1165 3070 orbi
1175 3024 1259 3069 terrm

187 3105 257 3153 Fons
277 3103 350 3165 dicti,
369 3103 402 3151 ab
420 3118 450 3152 eo
468 3102 537 3166 quod
556 3101 685 3164 plerisque
709 3101 781 3151 'rum
793 3100 921 3151 educare.'

153 3181 257 3245 populis
276 3181 400 3243 religione
416 3187 550 3242 receptum
566 3178 608 3236 sit,
619 3179 684 3225 salu·
751 3185 772 3218 v'
784 3178 855 3227 linei
864 3176 966 3245 *citemus
975 3175 1052 3238 verbu]
1064 3172 1142 3223 Truci
1152 3175 1259 3234 semper

153 3265 210 3308 tare
222 3257 462 3307 Solemorientem:
480 3253 684 3303 utalibidicam.
725 3261 752 3304 et
773 3260 847 3303 torro
866 3254 938 3302 vultu
955 3251 1007 3300 fuit
1026 3251 1112 3307 Caius,
1133 3248 1179 3297 sed
1200 3254 1259 3296 tnm‘

126 3334 130 3338 ’
152 3334 259 3398 ieiunus.
724 3331 804 3393 magis
816 3329 875 3392 fuit,
896 3336 941 3377 aut
962 3337 1017 3376 esse
1034 3328 1105 3375 risus
1125 3330 1174 3385 est,
1198 3337 1255 3372 eum

186 3408 279 3458 Gloria
290 3407 353 3457 dicti
370 3422 420 3457 non
432 3407 459 3457 iu
471 3421 502 3455 eo
514 3413 555 3456 est
565 3406 684 3468 praecise,
724 3420 799 3454 arum
809 3404 862 3454 tilio
875 3404 1050 3454 blandientem
1062 3406 1192 3460 cerneret,
1202 3404 1257 3447 tun·

153 3486 224 3551 quod
246 3485 273 3533 id
297 3484 407 3533 senserit
427 3491 472 3532 ant
491 3482 588 3532 dixerit
607 3483 684 3530 Pom·
725 3496 801 3545 quam
813 3481 950 3530 relicturus
964 3480 1001 3527 illi
1013 3477 1147 3541 imperium
1165 3481 1252 3535 easet3

153 3562 244 3626 peius3
262 3560 307 3609 sed
320 3559 387 3624 quod
404 3559 431 3608 id
447 3557 523 3607 ausus
544 3559 577 3606 sit
596 3558 684 3606 dicere
724 3572 803 3621 quare
815 3565 843 3606 et
854 3557 973 3606 renidens
982 3555 1126 3616 'liberine‘
1140 3552 1256 3604 Occides'

152 3651 249 3695 coram,
262 3636 308 3685 tali
327 3634 458 3698 dictatori,
469 3642 601 3698 tantaeque
612 3633 685 3681 saevi-
725 3634 791 3682 hrrnc
803 3640 841 3694 tu,
853 3630 956 3696 inqrrit,’
968 3635 1017 3681 &c

151 3718 196 3768 tire
206 3717 341 3779 magistro.
375 3702 684 3764 NtrncetSolorienssa·
760 3707 842 3770 Vultu]
867 3708 972 3756 Postea
984 3706 1103 3768 princeps
1114 3703 1253 3754 testesue-

150 3791 358 3844 lutaturmusico
370 3798 497 3839 concentu
509 3790 535 3852 in
547 3787 685 3852 praecipuis
725 3793 778 3834 ton.
800 3785 882 3847 Calig.
903 3788 943 3833 50.
960 3782 1061 3830 ‘Vultu
1081 3793 1143 3832 vero
1161 3783 1254 3826 natura

151 3870 260 3921 urbibus
272 3870 420 3917 Persarum.
723 3860 855 3909 horridum
867 3874 898 3908 uc
909 3865 1005 3907 tetrum
1021 3856 1100 3905 etiarn
1118 3869 1151 3902 ex
1169 3850 1261 3901 indus-²

183 3955 196 3979 ¹
206 3945 341 4008 Praedixit]
357 3946 463 3994 Sueten.
474 3943 604 4005 Calig.ll.
616 3942 624 3970 ‘
633 3943 686 3992 Na.
725 3937 776 3986 tria
785 3935 921 3995 efferabat,
939 3945 1094 3997 componens
1113 3929 1145 3978 ud
1162 3939 1254 3991 specu·

150 4019 235 4075 turam
250 4030 334 4071 tamen
344 4035 436 4069 sacram
446 4026 524 4082 atque
537 4017 683 4081 probrosam
725 4013 786 4071 lum,
807 4012 831 4059 in
844 4023 944 4076 omnem
963 4014 1088 4058 terrorem
1100 4019 1130 4054 ac
1141 4003 1260 4054 fumidi-⁸

151 4113 185 4150 ne
203 4108 267 4148 tunc
285 4097 390 4162 quidem
406 4094 489 4161 (apud
510 4093 623 4157 Capreas
643 4093 685 4141 uvi
724 4087 801 4138 nem?
829 4145 830 4150 ¹
1252 4099 1254 4102 ·

150 4173 251 4238 comes)
259 4173 375 4222 inhibere
388 4174 509 4236 poterat:
528 4169 685 4234 quinetaol-
755 4169 770 4196 ¹
780 4160 967 4223 ’Ocddesbuad
994 4159 1042 4210 cui
1062 4155 1186 4207 vaticinio
1203 4169 1253 4206 uon

149 4249 374 4304 madversionibus
383 4246 523 4312 panisque
537 4241 570 4295 ad
589 4244 686 4308 suppli:
723 4240 807 4291 defuit
815 4238 901 4289 Caius.
916 4237 1023 4288 Sueten.
1034 4234 1117 4299 Gnlig.
1127 4231 1261 4284 ledum-³
