3075 4917
99 426 103 432 ·
159 411 297 480 Μαι]
519 403 727 479 innuptum
753 408 828 457 urs.
849 407 899 461 rr.
1192 387 1264 459 m

159 561 287 642 gnerat,
302 552 462 619 memoria
472 535 617 618 valebat.
643 549 802 618 iunonem
814 553 861 632 Q.
876 549 1053 619 (alraniusti
1066 551 1184 617 secreti
1199 570 1266 616 sor·

158 659 270 724 monis
292 647 471 738 incusavit,
486 654 659 718 adversum
681 651 910 739 majestatemj
923 656 1047 719 habiti:
1070 653 1268 737 adjecitque,

162 765 173 794 ‘
188 762 224 825 iu
236 761 340 840 domo
360 758 437 841 ejus
451 774 614 819 venenum
626 751 726 832 eaesae,k
741 771 883 839 eumque
896 755 1006 838 gladio
1020 756 1205 819 accinctum
1218 755 1268 817 in·

162 860 261 927 truite
276 853 435 923 curiam.’¹
479 854 592 934 Quod,
607 862 645 920 ut
659 859 808 921 atrocius
828 866 942 935 uero,¹”
956 861 1162 922 tremissum:
1180 862 1269 920 cete·

160 979 383 1045 eorumquae
405 960 509 1022 muita
522 958 788 1035 cumulabantur,
802 965 957 1041 receptus
976 966 1027 1021 est
1048 978 1142 1039 reus3
1164 975 1270 1042 neque

161 1068 331 1151 peractus,
346 1064 545 1154 oinmorte'm
558 1061 808 1142 opportunam.¹¹
837 1058 1012 1124 Relatum
1032 1064 1064 1123 ct
1077 1058 1120 1124 de
1146 1058 1268 1130 Cassio

162 1228 208 1277 irc
216 1223 373 1288 eduinum,
384 1226 438 1275 odii
456 1226 567 1275 memorio
577 1224 681 1286 agebat
717 1225 749 1279 Q.
763 1226 870 1275 Granius
892 1226 975 1286 arguit
993 1226 1103 1274 Pisonem
1119 1226 1202 1286 arcani
1222 1240 1271 1275 ser·

162 1293 334 1356 monisfcontro
342 1292 474 1355 principem
482 1291 586 1353 proloti‚·
596 1289 709 1352 additque
719 1290 815 1338 habere
827 1290 854 1337 in
866 1290 1002 1352 penatibus
1014 1304 1151 1352 venenum,
1161 1303 1271 1354 eumque

161 1358 254 1406 ¹venire
271 1356 300 1406 in
315 1363 433 1418 senatum
450 1353 521 1403 ferro
532 1354 663 1418 cinctum:
680 1355 780 1417 pandet
791 1353 867 1415 meum
876 1352 1272 1416 wopsstlsobitumspretumpue:

163 1425 295 1470 cetnornm
305 1436 357 1485 quen
364 1420 469 1484 plurimu
479 1419 646 1480 ingerebantur
656 1418 724 1481 musi
735 1433 792 1467 reus
807 1423 930 1467 commas
940 1423 990 1467 ess.-
1005 1433 1078 1481 aeque
1088 1424 1166 1467 tamen
1175 1424 1272 1480 peraeta

162 1487 283 1535 ncnumio
299 1486 327 1536 oi
343 1487 442 1535 mortem
460 1488 586 1546 murnum,
597 1489 627 1531 ut
643 1481 670 1531 iu
681 1482 737 1547 ‚tali
757 1478 913 1533 discrimine.
945 1484 1032 1532 Actum
1050 1482 1123 1531 uiant
1138 1485 1167 1531 de
1191 1484 1272 1533 Cossio

200 1761 225 1833 Ι1
244 1755 289 1807 Ita
309 1739 403 1807 merito
422 1757 525 1822 Lipsius
544 1763 572 1808 et
590 1761 758 1812 recentiores.
795 1761 925 1823 Corrupte
944 1756 1090 1807 Beroaldus
1112 1762 1140 1806 et
1162 1759 1274 1820 veteres,

171 1821 445 1886 ammonam.
467 1822 551 1873 idern.

675 1945 784 1996 NOTAE

198 2053 334 2106 ¹Pisonem
352 2057 384 2111 Q.
397 2057 514 2120 Grauius]
542 2059 631 2107 Grenii
648 2059 700 2119 lion
735 2062 810 2123 jecto
834 2060 905 2110 ferro
930 2053 1098 2107 discessisse?
1142 2053 1216 2104 Idem
1248 2055 1274 2103 in

165 2145 218 2181 mre
237 2146 289 2181 non
308 2133 400 2195 ignoti,
412 2133 468 2195 jam
486 2133 549 2183 inde
570 2149 585 2182 a
607 2135 701 2184 Lucilii
739 2136 833 2186 Claud.
863 2140 904 2185 35.
932 2131 1148 2183 ‘Salutatoribns
1176 2139 1274 2181 scruto-

165 2217 238 2269 oevo,
249 2208 318 2271 opud
331 2222 406 2271 quem
419 2208 536 2257 «Granios
552 2224 656 2273 praec03
674 2218 702 2259 et
743 2219 813 2261 tores
836 2226 939 2275 semper
958 2209 1102 2274 apposuit3’
1118 2208 1145 2256 id
1162 2214 1212 2270 est,
1231 2208 1275 2271 qui

119 2331 122 2337 Δ
167 2283 238 2334 iufra
257 2285 303 2334 lib.
324 2299 360 2333 vr.
375 2286 383 2312 ‘
397 2278 516 2333 Grauius
528 2286 675 2334 Munianus
684 2286 701 2346 ς’
744 2293 926 2337 scrutarentur
941 2301 974 2334 au
990 2291 1076 2334 essent
1094 2283 1209 2333 accincti
1226 2297 1274 2346 pu·

165 2376 248 2426 supra
258 2362 306 2411 lib.
316 2364 353 2412 1.‘
367 2363 481 2411 Granius
489 2355 649 2412 Marcellus)
691 2375 694 2380 ·
744 2364 828 2427 gione.
1345 2424 1347 2428 ἵ

166 2469 171 2472 -
197 2437 358 2488 intensum
377 2438 536 2501 nmjeststem]
549 2433 704 2503 *Arguits'a
776 2449 795 2475 ¹¹
815 2440 1044 2503 [iserniensem]
1066 2439 1274 2500 Sedhaec‚velnt

165 2516 250 2565 cretis
268 2515 430 2566 sermonibus
450 2515 614 2579 majestatem
633 2517 703 2580 prim
744 2518 873 2568 atrociora
885 2533 959 2582 quam
969 2523 999 2565 ut
1015 2517 1086 2565 credi
1096 2521 1213 2578 possent,
1224 2529 1275 2562 non

167 2591 388 2655 oipisviolavissc.
422 2591 531 2640 Freinsin
744 2595 854 2644 admissa
871 2600 938 2642 sunt.

203 2665 391 2727 Moiestos'alias
400 2679 523 2730 personas
530 2679 624 2732 resque
634 2682 704 2718 com·
776 2678 790 2704 ¹²
802 2670 885 2733 Neque
893 2675 1012 2733 pernotus,
1020 2667 1049 2717 ob
1059 2674 1159 2717 mntem
1168 2673 1276 2731 oppurtu-

170 2743 353 2807 plectebatur13
381 2755 474 2807 nempe
500 2750 620 2804 matrem,
641 2758 704 2793 nxoa
743 2745 811 2809 uum]
830 2745 899 2794 Vide
911 2745 946 2794 L.
958 2743 1093 2793 Defuncto
1111 2744 1146 2793 D.
1158 2744 1201 2792 De
1215 2744 1277 2807 pub.

170 2832 235 2878 reru,
254 2818 331 2880 tilios,
344 2825 428 2867 totam
446 2818 548 2868 domurn
565 2821 705 2884 Cusanum,
739 2821 823 2885 judic.
846 2826 874 2870 et
895 2822 924 2869 L.
941 2821 968 2869 in
988 2821 1171 2870 Senatuscone
1190 2822 1225 2870 D.
1244 2821 1277 2869 ael

173 2899 203 2942 ut
215 2907 264 2955 par
275 2898 326 2941 cst.
741 2898 773 2947 8.
790 2898 822 2947 C.
838 2897 1024 2961 Turpiliauunt.
1047 2896 1126 2946 Fallit
1143 2903 1232 2945 tamen
1250 2897 1276 2945 in

183 2967 217 3011 ‚¹¹
238 2969 357 3019 Venenum
371 2968 431 3032 esse]
459 2970 519 3021 Quo
538 2969 606 3019 tine?
630 2986 661 3021 an
677 2977 706 3021 ut
744 2974 897 3038 Majestate,
908 2974 1007 3023 sedhic
1020 2973 1163 3022 tautnmde
1180 2987 1277 3022 sermo·

169 3045 271 3096 Caesari
288 3045 429 3110 praeberet,
445 3060 478 3095 au
494 3046 586 3109 potius
600 3048 656 3111 ipse
680 3049 706 3097 iu
744 3064 779 3098 ne
789 3050 925 3113 agebatur.
945 3050 1066 3097 Muretus.
1265 3104 1269 3112 .

171 3121 478 3184 necessitateuteretur,
505 3129 583 3186 atque
594 3121 631 3171 ita
641 3122 706 3173 libe·
779 3126 902 3174 Pisonem
912 3125 996 3189 ipsum
1007 3122 1057 3172 sibi
1070 3136 1164 3171 ¹necem
1180 3121 1279 3171 cousci-

172 3199 228 3248 rior
246 3197 358 3260 scilicet,
374 3198 478 3260 proviso
489 3199 572 3260 eriitu,
585 3197 709 3250 ferocior·
746 3202 817 3252 visse
828 3202 891 3251 licet
908 3199 1034 3264 suspicari
1043 3198 1180 3263 possimus,
1192 3205 1279 3247 tumen

170 3289 224 3339 que
240 3274 373 3336 agitaret?
405 3275 442 3323 Et
464 3280 575 3338 apparet
595 3275 632 3323 ita
647 3290 708 3326 mox
748 3293 796 3343 pro
804 3278 890 3328 Taciti
900 3278 985 3332 serbis
994 3281 1039 3325 arnt
1056 3288 1131 3324 sensu
1143 3274 1280 3324 venditare

174 3350 283 3410 iactum,
294 3365 326 3401 ac
336 3354 445 3401 mortem
462 3352 588 3401 sumsisse.
747 3369 800 3404 non
810 3356 941 3405 debemus.
959 3352 1036 3406 Quod
1046 3354 1054 3381 ‘
1066 3358 1175 3401 mortem
1186 3367 1281 3415 oppor-

175 3461 180 3469 -
206 3428 316 3478 ruinose
333 3430 464 3482 nmmum
485 3422 708 3495 uenenarium]
747 3432 846 3482 tunam'
857 3433 898 3483 bic
917 3435 995 3480 vocat
1013 3430 1131 3490 Tacitus,
1142 3428 1281 3477 id‘rnatu·

176 3505 250 3569 Cape
268 3504 382 3568 gladium
407 3504 498 3566 istum,
514 3519 564 3554 non
582 3520 630 3569 pro
647 3521 710 3568 ense,
748 3507 814 3557 ram’
825 3508 914 3557 Florus
931 3520 976 3556 ru.
988 3511 1028 3554 li.
1046 3505 1198 3568 ‘Impurum
1215 3504 1282 3552 Dru·

175 3580 224 3632 sed
241 3594 290 3643 pro
316 3580 427 3643 pugione.
470 3581 544 3630 Ensis
572 3589 629 3632 erat
655 3582 709 3631 lon·
748 3599 820 3645 amn,-
833 3598 982 3649 aegrumque
993 3596 1080 3631 rerum
1091 3588 1191 3631 temere
1202 3586 1282 3628 mota·

175 3656 242 3720 pior,
265 3657 344 3719 pugio
363 3657 389 3705 iu
408 3658 491 3707 latere
503 3657 606 3720 dextro,
622 3658 663 3709 vel
683 3660 710 3708 iu
750 3673 816 3722 runs,
836 3667 989 3723 maturant
1010 3660 1037 3708 in
1057 3660 1104 3707 tali
1125 3657 1281 3719 discrimine,

175 3729 255 3794 tollo,
265 3732 309 3780 vel
319 3731 367 3779 sub
379 3731 473 3793 axilla3
485 3733 553 3782 ensis
560 3733 587 3781 in
595 3727 710 3785 sinistro.
751 3750 820 3785 nrors
832 3736 958 3787 abstulit!
1212 3741 1215 3748 '

175 3805 254 3855 Suet.
269 3804 337 3869 Aug.
347 3811 388 3858 35.
400 3809 407 3835 ‘
420 3808 501 3858 Ferro
517 3808 632 3858 cinctum
648 3824 712 3873 prae-
785 3811 837 3860 Ubi
848 3811 1004 3860 simillimum
1014 3812 1101 3859 locum
1115 3808 1175 3857 hnic
1188 3808 1283 3857 Corne-

175 3880 288 3946 moine,
298 3890 326 3931 et
334 3883 413 3932 lorica
424 3884 471 3933 snb
490 3891 562 3935 veste
576 3886 713 3949 munitum,
751 3888 822 3936 liano
832 3888 943 3936 maxime
956 3885 1079 3935 annotavi
1087 3899 1120 3932 ex
1130 3883 1203 3931 Livio
1214 3886 1283 3931 vnis

178 3958 361 4022 neminemque
383 3960 522 4010 admissum
549 3961 712 4026 Senatorum,
751 3966 787 4015 ele
796 3966 832 4016 Q.
844 3965 923 4014 Fabio
933 3969 982 4024 est,
994 3969 1022 4012 et
1038 3962 1102 4010 alius
1114 3958 1193 4007 Plinii
1207 3959 1284 4022 epist.

177 4032 228 4081 nisi
240 4039 402 4097 prutentsto
412 4036 487 4084 sinu’
625 4065 628 4068 -
696 4083 700 4088 .
755 4055 787 4090 ιι.
800 4046 840 4090 11.
852 4041 860 4067 ‘
872 4041 1036 4105 Honoratum
1049 4034 1197 4098 cognitione
1215 4050 1286 4088 seua

180 4109 345 4174 ‚utente
357 4115 397 4160 12.
413 4112 550 4164 ‘latrasse
560 4129 587 4163 se
598 4128 657 4164 oum
668 4127 715 4177 pu·
756 4123 797 4166 tus
808 4125 877 4165 mors
888 4121 1032 4178 opportuna
1044 4112 1189 4163 subtraxit!
1233 4129 1235 4132 ·

176 4186 256 4251 ‘ione
275 4188 306 4237 iu
325 4188 474 4238 cubiculum
496 4189 596 4241 Tiberii
623 4191 716 4240 dormi-
753 4228 756 4234 ,
790 4191 827 4240 Ob
845 4187 943 4239 mortem
954 4187 1121 4252 apportarem]
1146 4188 1189 4238 An
1205 4203 1302 4260 sesuot

176 4265 714 4337 tatinetmispsieordiacoprepiumpab-
754 4281 857 4323 senene
878 4264 1042 4319 mteremeut
1063 4265 1126 4336 Piso
1151 4265 1288 4325 meatum,
