<?xml version="1.0" encoding="UTF-8"?>
<!DOCTYPE html PUBLIC "-//W3C//DTD XHTML 1.0 Transitional//EN"
    "http://www.w3.org/TR/xhtml1/DTD/xhtml1-transitional.dtd">
<html xmlns="http://www.w3.org/1999/xhtml" xml:lang="en" lang="en">
 <head>
  <title>
</title>
<meta http-equiv="Content-Type" content="text/html;charset=utf-8" />
  <meta name='ocr-system' content='tesseract 3.04.00' />
  <meta name='ocr-capabilities' content='ocr_page ocr_carea ocr_par ocr_line ocrx_word'/>
</head>
<body>
  <div class='ocr_page' id='page_1' title='image "./operaomnia03tacigoog_0556.png"; bbox 0 0 3075 4917; ppageno 0'>
   <div class='ocr_carea' id='block_1_1' title="bbox 254 332 1358 412">
    <p class='ocr_par' dir='ltr' id='par_1_1' title="bbox 254 332 1358 412">
     <span class='ocr_line' id='line_1_1' title="bbox 254 332 1358 412; baseline -0.005 -15"><span class='ocrx_word' id='word_1_1' title='bbox 254 332 345 410; x_wconf 77' lang='lat'>1182</span> <span class='ocrx_word' id='word_1_2' title='bbox 603 347 636 397; x_wconf 88' lang='lat' dir='ltr'>o.</span> <span class='ocrx_word' id='word_1_3' title='bbox 660 340 845 396; x_wconf 72' lang='lat' dir='ltr'>coartatur</span> <span class='ocrx_word' id='word_1_4' title='bbox 869 342 998 394; x_wconf 76' lang='lat' dir='ltr'>ruerus</span> <span class='ocrx_word' id='word_1_5' title='bbox 1195 344 1358 412; x_wconf 59' lang='lat' dir='ltr'>[num.</span> 
     </span>
    </p>
   </div>
   <div class='ocr_carea' id='block_1_2' title="bbox 254 486 1362 678">
    <p class='ocr_par' dir='ltr' id='par_1_2' title="bbox 254 486 1362 678">
     <span class='ocr_line' id='line_1_2' title="bbox 257 486 1360 571; baseline -0.007 -12"><span class='ocrx_word' id='word_1_6' title='bbox 257 492 368 559; x_wconf 60' lang='lat' dir='ltr'>tostet</span> <span class='ocrx_word' id='word_1_7' title='bbox 378 496 544 556; x_wconf 84' lang='lat' dir='ltr'>exactore</span> <span class='ocrx_word' id='word_1_8' title='bbox 557 490 683 555; x_wconf 82' lang='lat' dir='ltr'><strong>libertis</strong></span> <span class='ocrx_word' id='word_1_9' title='bbox 694 489 849 553; x_wconf 83' lang='lat' dir='ltr'>Euodus³</span> <span class='ocrx_word' id='word_1_10' title='bbox 866 487 976 552; x_wconf 85' lang='lat' dir='ltr'>datus.</span> <span class='ocrx_word' id='word_1_11' title='bbox 1000 486 1102 571; x_wconf 87' lang='lat' dir='ltr'>lsque</span> <span class='ocrx_word' id='word_1_12' title='bbox 1111 488 1231 570; x_wconf 86' lang='lat' dir='ltr'>raptim</span> <span class='ocrx_word' id='word_1_13' title='bbox 1241 489 1277 551; x_wconf 89' lang='lat' dir='ltr'>in</span> <span class='ocrx_word' id='word_1_14' title='bbox 1285 488 1360 551; x_wconf 88' lang='lat' dir='ltr'>hor·</span> 
     </span>
     <span class='ocr_line' id='line_1_3' title="bbox 254 588 1362 678; baseline -0.007 -18"><span class='ocrx_word' id='word_1_15' title='bbox 254 590 1082 678; x_wconf 59' lang='lat' dir='ltr'>tssproegressus,reperittussmhumirasstdeum</span> <span class='ocrx_word' id='word_1_16' title='bbox 1092 588 1362 672; x_wconf 64' lang='lat' dir='ltr'>mairoliepidn:l</span> 
     </span>
    </p>
   </div>
   <div class='ocr_carea' id='block_1_3' title="bbox 255 719 1363 856">
    <p class='ocr_par' dir='ltr' id='par_1_3' title="bbox 255 719 1363 856">
     <span class='ocr_line' id='line_1_4' title="bbox 257 719 1363 790; baseline -0.005 -16"><span class='ocrx_word' id='word_1_17' title='bbox 257 729 354 775; x_wconf 70' lang='lat' dir='ltr'>exodus·</span> <span class='ocrx_word' id='word_1_18' title='bbox 367 726 501 790; x_wconf 68' lang='lat' dir='ltr'>imperatae</span> <span class='ocrx_word' id='word_1_19' title='bbox 516 725 594 776; x_wconf 76' lang='lat' dir='ltr'>neeis.</span> <span class='ocrx_word' id='word_1_20' title='bbox 629 726 697 789; x_wconf 69' lang='lat' dir='ltr'>lanae</span> <span class='ocrx_word' id='word_1_21' title='bbox 705 738 803 787; x_wconf 71' lang='lat' dir='ltr'>oropus</span> <span class='ocrx_word' id='word_1_22' title='bbox 812 723 838 771; x_wconf 78' lang='lat' dir='ltr'>iu</span> <span class='ocrx_word' id='word_1_23' title='bbox 849 722 928 771; x_wconf 76' lang='lat' dir='ltr'>tortos</span> <span class='ocrx_word' id='word_1_24' title='bbox 942 720 1070 785; x_wconf 76' lang='lat' dir='ltr'>profectus,</span> <span class='ocrx_word' id='word_1_25' title='bbox 1084 721 1174 769; x_wconf 76' lang='lat' dir='ltr'>inserit</span> <span class='ocrx_word' id='word_1_26' title='bbox 1185 719 1363 769; x_wconf 84' lang='lat' dir='ltr'>Messallinatn</span> 
     </span>
     <span class='ocr_line' id='line_1_5' title="bbox 255 783 1363 856; baseline -0.007 -16"><span class='ocrx_word' id='word_1_27' title='bbox 255 794 355 840; x_wconf 66' lang='lat' dir='ltr'>mom</span> <span class='ocrx_word' id='word_1_28' title='bbox 365 792 440 855; x_wconf 76' lang='lat' dir='ltr'>tami,</span> <span class='ocrx_word' id='word_1_29' title='bbox 446 792 522 856; x_wconf 82' lang='lat' dir='ltr'>juxta</span> <span class='ocrx_word' id='word_1_30' title='bbox 531 789 679 840; x_wconf 63' lang='lat' dir='ltr'>accendente</span> <span class='ocrx_word' id='word_1_31' title='bbox 687 794 763 838; x_wconf 80' lang='lat' dir='ltr'>mntre</span> <span class='ocrx_word' id='word_1_32' title='bbox 774 788 874 851; x_wconf 74' lang='lat' dir='ltr'>Lepida,</span> <span class='ocrx_word' id='word_1_33' title='bbox 885 799 937 850; x_wconf 74' lang='lat' dir='ltr'>qno</span> <span class='ocrx_word' id='word_1_34' title='bbox 955 788 1023 836; x_wconf 75' lang='lat' dir='ltr'>reuss</span> <span class='ocrx_word' id='word_1_35' title='bbox 1039 786 1159 850; x_wconf 78' lang='lat' dir='ltr'>prosperis</span> <span class='ocrx_word' id='word_1_36' title='bbox 1160 784 1226 851; x_wconf 74' lang='lat' dir='ltr'>fllia</span> <span class='ocrx_word' id='word_1_37' title='bbox 1236 783 1299 832; x_wconf 78' lang='lat' dir='ltr'>iord</span> <span class='ocrx_word' id='word_1_38' title='bbox 1309 799 1363 833; x_wconf 79' lang='lat' dir='ltr'>coa-</span> 
     </span>
    </p>
   </div>
   <div class='ocr_carea' id='block_1_4' title="bbox 719 916 896 940">
    <p class='ocr_par' dir='ltr' id='par_1_4' title="bbox 719 916 896 940">
     <span class='ocr_line' id='line_1_6' title="bbox 719 916 896 940; baseline -0.011 0"><span class='ocrx_word' id='word_1_39' title='bbox 719 920 837 940; x_wconf 71' lang='lat' dir='ltr'>eumn</span> <span class='ocrx_word' id='word_1_40' title='bbox 840 916 896 939; x_wconf 60' lang='grc' dir='ltr'>κδ’</span> 
     </span>
    </p>
   </div>
   <div class='ocr_carea' id='block_1_5' title="bbox 581 994 1038 1046">
    <p class='ocr_par' dir='ltr' id='par_1_5' title="bbox 581 994 1038 1046">
     <span class='ocr_line' id='line_1_7' title="bbox 581 994 1038 1046; baseline -0.011 0"><span class='ocrx_word' id='word_1_41' title='bbox 581 1001 597 1046; x_wconf 77' lang='lat' dir='ltr'>t</span> <span class='ocrx_word' id='word_1_42' title='bbox 614 996 750 1046; x_wconf 83' lang='lat' dir='ltr'>Brotieras</span> <span class='ocrx_word' id='word_1_43' title='bbox 758 1003 786 1045; x_wconf 84' lang='lat' dir='ltr'>et</span> <span class='ocrx_word' id='word_1_44' title='bbox 797 995 924 1045; x_wconf 74' lang='lat' dir='ltr'>Horreum</span> <span class='ocrx_word' id='word_1_45' title='bbox 936 994 1038 1043; x_wconf 76' lang='lat' dir='ltr'>Euodus.</span> 
     </span>
    </p>
   </div>
   <div class='ocr_carea' id='block_1_6' title="bbox 258 1175 1383 2787">
    <p class='ocr_par' dir='ltr' id='par_1_6' title="bbox 259 1175 1367 1342">
     <span class='ocr_line' id='line_1_8' title="bbox 259 1175 1367 1265; baseline -0.005 -17"><span class='ocrx_word' id='word_1_46' title='bbox 259 1195 390 1261; x_wconf 59' lang='lat' dir='ltr'>tantoris</span> <span class='ocrx_word' id='word_1_47' title='bbox 401 1197 523 1263; x_wconf 83' lang='lat' dir='ltr'>praefecti</span> <span class='ocrx_word' id='word_1_48' title='bbox 533 1200 665 1264; x_wconf 74' lang='lat' dir='ltr'>praetorio,</span> <span class='ocrx_word' id='word_1_49' title='bbox 675 1207 703 1250; x_wconf 89' lang='lat' dir='ltr'>et</span> <span class='ocrx_word' id='word_1_50' title='bbox 712 1200 791 1265; x_wconf 81' lang='lat' dir='ltr'>ipsius</span> <span class='ocrx_word' id='word_1_51' title='bbox 832 1198 920 1247; x_wconf 87' lang='lat' dir='ltr'>urbem</span> <span class='ocrx_word' id='word_1_52' title='bbox 943 1195 1035 1248; x_wconf 65' lang='lat' dir='ltr'>luctu!</span> <span class='ocrx_word' id='word_1_53' title='bbox 1078 1197 1187 1245; x_wconf 81' lang='lat' dir='ltr'>Dictum</span> <span class='ocrx_word' id='word_1_54' title='bbox 1212 1200 1263 1259; x_wconf 89' lang='lat' dir='ltr'>est,</span> <span class='ocrx_word' id='word_1_55' title='bbox 1294 1175 1367 1260; x_wconf 85' lang='lat' dir='ltr'>quod</span> 
     </span>
     <span class='ocr_line' id='line_1_9' title="bbox 260 1272 1367 1342; baseline -0.003 -17"><span class='ocrx_word' id='word_1_56' title='bbox 260 1276 385 1342; x_wconf 80' lang='lat' dir='ltr'>principis</span> <span class='ocrx_word' id='word_1_57' title='bbox 396 1279 490 1325; x_wconf 89' lang='lat' dir='ltr'>annulo</span> <span class='ocrx_word' id='word_1_58' title='bbox 501 1277 644 1339; x_wconf 75' lang='lat' dir='ltr'>obsignata.</span> <span class='ocrx_word' id='word_1_59' title='bbox 831 1276 920 1324; x_wconf 83' lang='lat' dir='ltr'>tristes</span> <span class='ocrx_word' id='word_1_60' title='bbox 932 1275 977 1338; x_wconf 86' lang='lat' dir='ltr'>qui</span> <span class='ocrx_word' id='word_1_61' title='bbox 996 1279 1066 1334; x_wconf 86' lang='lat' dir='ltr'>sunt,</span> <span class='ocrx_word' id='word_1_62' title='bbox 1082 1275 1232 1336; x_wconf 83' lang='lat' dir='ltr'>plerumque</span> <span class='ocrx_word' id='word_1_63' title='bbox 1253 1272 1347 1322; x_wconf 89' lang='lat' dir='ltr'>sedent</span> <span class='ocrx_word' id='word_1_64' title='bbox 1357 1289 1367 1334; x_wconf 74' lang='grc' dir='ltr'><strong>ς</strong></span> 
     </span>
    </p>

    <p class='ocr_par' dir='ltr' id='par_1_7' title="bbox 259 1347 1369 2027">
     <span class='ocr_line' id='line_1_10' title="bbox 292 1347 1366 1418; baseline -0.005 -17"><span class='ocrx_word' id='word_1_65' title='bbox 292 1354 388 1417; x_wconf 60' lang='lat' dir='ltr'>Requi</span> <span class='ocrx_word' id='word_1_66' title='bbox 411 1353 509 1417; x_wconf 62' lang='lat' dir='ltr'>comm]</span> <span class='ocrx_word' id='word_1_67' title='bbox 550 1354 683 1417; x_wconf 77' lang='lat' dir='ltr'><strong>Imperare</strong></span> <span class='ocrx_word' id='word_1_68' title='bbox 705 1353 793 1418; x_wconf 84' lang='lat' dir='ltr'>potnit</span> <span class='ocrx_word' id='word_1_69' title='bbox 832 1357 860 1399; x_wconf 86' lang='lat' dir='ltr'>et</span> <span class='ocrx_word' id='word_1_70' title='bbox 881 1350 970 1400; x_wconf 72' lang='lat' dir='ltr'>Graeci</span> <span class='ocrx_word' id='word_1_71' title='bbox 992 1347 1096 1413; x_wconf 71' lang='grc' dir='ltr'>καθίζειν</span> <span class='ocrx_word' id='word_1_72' title='bbox 1117 1347 1240 1407; x_wconf 73' lang='grc' dir='ltr'>κλαίοντα,</span> <span class='ocrx_word' id='word_1_73' title='bbox 1264 1349 1292 1397; x_wconf 94' lang='lat' dir='ltr'>id</span> <span class='ocrx_word' id='word_1_74' title='bbox 1315 1356 1366 1411; x_wconf 86' lang='lat' dir='ltr'>est,</span> 
     </span>
     <span class='ocr_line' id='line_1_11' title="bbox 259 1422 1368 1493; baseline -0.003 -16"><span class='ocrx_word' id='word_1_75' title='bbox 259 1427 306 1477; x_wconf 92' lang='lat' dir='ltr'>illo</span> <span class='ocrx_word' id='word_1_76' title='bbox 317 1428 515 1490; x_wconf 67' lang='lat' dir='ltr'>dieuarcissus,</span> <span class='ocrx_word' id='word_1_77' title='bbox 523 1444 570 1493; x_wconf 82' lang='lat' dir='ltr'>pro</span> <span class='ocrx_word' id='word_1_78' title='bbox 574 1429 794 1493; x_wconf 77' lang='lat' dir='ltr'>juresno‚&#39;fribn·</span> <span class='ocrx_word' id='word_1_79' title='bbox 825 1425 928 1489; x_wconf 76' lang='lat' dir='ltr'>flentem</span> <span class='ocrx_word' id='word_1_80' title='bbox 946 1428 1051 1475; x_wconf 79' lang='lat' dir='ltr'>reddere.</span> <span class='ocrx_word' id='word_1_81' title='bbox 1085 1426 1184 1475; x_wconf 87' lang='lat' dir='ltr'>Eodem</span> <span class='ocrx_word' id='word_1_82' title='bbox 1206 1425 1283 1473; x_wconf 88' lang='lat' dir='ltr'>ruodo</span> <span class='ocrx_word' id='word_1_83' title='bbox 1309 1422 1368 1474; x_wconf 84' lang='lat' dir='ltr'>fere</span> 
     </span>
     <span class='ocr_line' id='line_1_12' title="bbox 260 1499 1367 1569; baseline -0.005 -16"><span class='ocrx_word' id='word_1_84' title='bbox 260 1510 336 1553; x_wconf 84' lang='lat' dir='ltr'>noet</span> <span class='ocrx_word' id='word_1_85' title='bbox 346 1504 542 1558; x_wconf 89' lang='lat' dir='ltr'>centurionibus</span> <span class='ocrx_word' id='word_1_86' title='bbox 553 1505 794 1569; x_wconf 76' lang='lat' dir='ltr'>praetorianis,qnia</span> <span class='ocrx_word' id='word_1_87' title='bbox 833 1509 960 1566; x_wconf 80' lang='lat' dir='ltr'>usurpant</span> <span class='ocrx_word' id='word_1_88' title='bbox 985 1502 1054 1565; x_wconf 86' lang='lat' dir='ltr'>apud</span> <span class='ocrx_word' id='word_1_89' title='bbox 1091 1501 1201 1550; x_wconf 88' lang='lat' dir='ltr'>eundern</span> <span class='ocrx_word' id='word_1_90' title='bbox 1237 1499 1367 1550; x_wconf 73' lang='lat' dir='ltr'>Poetnms</span> 
     </span>
     <span class='ocr_line' id='line_1_13' title="bbox 259 1577 1369 1646; baseline 0 -19"><span class='ocrx_word' id='word_1_91' title='bbox 259 1577 293 1627; x_wconf 86' lang='lat' dir='ltr'>ad</span> <span class='ocrx_word' id='word_1_92' title='bbox 314 1578 386 1628; x_wconf 88' lang='lat' dir='ltr'>illum</span> <span class='ocrx_word' id='word_1_93' title='bbox 409 1579 477 1627; x_wconf 89' lang='lat' dir='ltr'>diem</span> <span class='ocrx_word' id='word_1_94' title='bbox 504 1579 643 1642; x_wconf 68' lang='lat' dir='ltr'>prefectus</span> <span class='ocrx_word' id='word_1_95' title='bbox 670 1581 793 1643; x_wconf 75' lang='lat' dir='ltr'>praetorio</span> <span class='ocrx_word' id='word_1_96' title='bbox 833 1581 1022 1646; x_wconf 85' lang='lat' dir='ltr'>‘duplicatque</span> <span class='ocrx_word' id='word_1_97' title='bbox 1034 1582 1117 1630; x_wconf 85' lang='lat' dir='ltr'>uirum</span> <span class='ocrx_word' id='word_1_98' title='bbox 1126 1580 1250 1631; x_wconf 82' lang='lat' dir='ltr'>transfixa</span> <span class='ocrx_word' id='word_1_99' title='bbox 1262 1578 1369 1629; x_wconf 61' lang='lat' dir='ltr'>dolore?</span> 
     </span>
     <span class='ocr_line' id='line_1_14' title="bbox 260 1654 1369 1721; baseline 0.001 -16"><span class='ocrx_word' id='word_1_100' title='bbox 260 1661 328 1717; x_wconf 82' lang='lat' dir='ltr'>erat,</span> <span class='ocrx_word' id='word_1_101' title='bbox 345 1654 392 1704; x_wconf 90' lang='lat' dir='ltr'>sed</span> <span class='ocrx_word' id='word_1_102' title='bbox 403 1670 434 1703; x_wconf 88' lang='lat' dir='ltr'>an</span> <span class='ocrx_word' id='word_1_103' title='bbox 446 1655 568 1706; x_wconf 79' lang='lat' dir='ltr'>codicillo</span> <span class='ocrx_word' id='word_1_104' title='bbox 579 1657 687 1721; x_wconf 81' lang='lat' dir='ltr'>scripto,</span> <span class='ocrx_word' id='word_1_105' title='bbox 697 1672 794 1721; x_wconf 87' lang='lat' dir='ltr'>suaque</span> <span class='ocrx_word' id='word_1_106' title='bbox 833 1658 945 1721; x_wconf 77' lang='lat' dir='ltr'>Magnus</span> <span class='ocrx_word' id='word_1_107' title='bbox 962 1660 1030 1708; x_wconf 88' lang='lat' dir='ltr'>euim</span> <span class='ocrx_word' id='word_1_108' title='bbox 1050 1658 1124 1707; x_wconf 91' lang='lat' dir='ltr'>dolor</span> <span class='ocrx_word' id='word_1_109' title='bbox 1141 1672 1190 1706; x_wconf 89' lang='lat' dir='ltr'>nos</span> <span class='ocrx_word' id='word_1_110' title='bbox 1201 1657 1328 1721; x_wconf 76' lang='lat' dir='ltr'>duplicat,</span> <span class='ocrx_word' id='word_1_111' title='bbox 1338 1662 1369 1706; x_wconf 87' lang='lat' dir='ltr'>et</span> 
     </span>
     <span class='ocr_line' id='line_1_15' title="bbox 259 1730 1275 1797; baseline 0.004 -17"><span class='ocrx_word' id='word_1_112' title='bbox 259 1745 338 1781; x_wconf 86' lang='lat' dir='ltr'>manu</span> <span class='ocrx_word' id='word_1_113' title='bbox 353 1730 489 1794; x_wconf 85' lang='lat' dir='ltr'>obsignato</span> <span class='ocrx_word' id='word_1_114' title='bbox 506 1732 533 1780; x_wconf 88' lang='lat' dir='ltr'>id</span> <span class='ocrx_word' id='word_1_115' title='bbox 547 1732 794 1797; x_wconf 84' lang='lat' dir='ltr'>imperaveritNar·</span> <span class='ocrx_word' id='word_1_116' title='bbox 833 1741 932 1785; x_wconf 83' lang='lat' dir='ltr'>curvat.</span> <span class='ocrx_word' id='word_1_117' title='bbox 950 1735 1081 1784; x_wconf 76' lang='lat' dir='ltr'>Turnebus.</span> <span class='ocrx_word' id='word_1_118' title='bbox 1271 1741 1275 1748; x_wconf 87' lang='lat'>&#39;</span> 
     </span>
     <span class='ocr_line' id='line_1_16' title="bbox 261 1806 1369 1874; baseline 0 -15"><span class='ocrx_word' id='word_1_119' title='bbox 261 1806 354 1871; x_wconf 84' lang='lat' dir='ltr'>cissos,</span> <span class='ocrx_word' id='word_1_120' title='bbox 371 1808 477 1858; x_wconf 86' lang='lat' dir='ltr'>dubium</span> <span class='ocrx_word' id='word_1_121' title='bbox 486 1809 591 1873; x_wconf 89' lang='lat' dir='ltr'>reliquit</span> <span class='ocrx_word' id='word_1_122' title='bbox 602 1810 726 1870; x_wconf 82' lang='lat' dir='ltr'>Tacitns3</span> <span class='ocrx_word' id='word_1_123' title='bbox 743 1825 794 1860; x_wconf 83' lang='lat' dir='ltr'>sec</span> <span class='ocrx_word' id='word_1_124' title='bbox 867 1810 956 1858; x_wconf 75' lang='lat' dir='ltr'>Furnos</span> <span class='ocrx_word' id='word_1_125' title='bbox 981 1809 1057 1874; x_wconf 73' lang='lat' dir='ltr'>baud]</span> <span class='ocrx_word' id='word_1_126' title='bbox 1101 1809 1196 1858; x_wconf 89' lang='lat' dir='ltr'>Horat.</span> <span class='ocrx_word' id='word_1_127' title='bbox 1228 1808 1369 1859; x_wconf 79' lang='lat' dir='ltr'>‘Format</span> 
     </span>
     <span class='ocr_line' id='line_1_17' title="bbox 260 1885 1369 1951; baseline 0 -17"><span class='ocrx_word' id='word_1_128' title='bbox 260 1891 347 1934; x_wconf 79' lang='lat' dir='ltr'>tamen</span> <span class='ocrx_word' id='word_1_129' title='bbox 359 1885 435 1934; x_wconf 86' lang='lat' dir='ltr'>aliter</span> <span class='ocrx_word' id='word_1_130' title='bbox 452 1886 516 1934; x_wconf 87' lang='lat' dir='ltr'>tales</span> <span class='ocrx_word' id='word_1_131' title='bbox 534 1885 621 1935; x_wconf 72' lang='lat' dir='ltr'>cades</span> <span class='ocrx_word' id='word_1_132' title='bbox 633 1886 795 1951; x_wconf 80' lang='lat' dir='ltr'>imperaban-</span> <span class='ocrx_word' id='word_1_133' title='bbox 833 1887 1213 1951; x_wconf 85' lang='lat' dir='ltr'>enimnsturaprinsnosintus</span> <span class='ocrx_word' id='word_1_134' title='bbox 1223 1885 1256 1936; x_wconf 90' lang='lat' dir='ltr'>ad</span> <span class='ocrx_word' id='word_1_135' title='bbox 1265 1899 1369 1935; x_wconf 87' lang='lat' dir='ltr'>omnem</span> 
     </span>
     <span class='ocr_line' id='line_1_18' title="bbox 260 1961 1369 2027; baseline 0.001 -18"><span class='ocrx_word' id='word_1_136' title='bbox 260 1968 303 2009; x_wconf 90' lang='lat' dir='ltr'>tnr</span> <span class='ocrx_word' id='word_1_137' title='bbox 314 1975 363 2024; x_wconf 84' lang='lat' dir='ltr'>pro</span> <span class='ocrx_word' id='word_1_138' title='bbox 374 1974 453 2010; x_wconf 88' lang='lat' dir='ltr'>more.</span> <span class='ocrx_word' id='word_1_139' title='bbox 834 1965 1006 2013; x_wconf 76' lang='lat' dir='ltr'>Fortunarum</span> <span class='ocrx_word' id='word_1_140' title='bbox 1020 1963 1137 2012; x_wconf 88' lang='lat' dir='ltr'>habitum</span> <span class='ocrx_word' id='word_1_141' title='bbox 1149 1978 1155 2011; x_wconf 90' lang='lat'><strong>:</strong></span> <span class='ocrx_word' id='word_1_142' title='bbox 1169 1963 1248 2027; x_wconf 85' lang='lat' dir='ltr'>juvat</span> <span class='ocrx_word' id='word_1_143' title='bbox 1265 1968 1311 2011; x_wconf 88' lang='lat' dir='ltr'>aut</span> <span class='ocrx_word' id='word_1_144' title='bbox 1321 1961 1369 2010; x_wconf 88' lang='lat' dir='ltr'>im·</span> 
     </span>
    </p>

    <p class='ocr_par' dir='ltr' id='par_1_8' title="bbox 258 2031 1383 2787">
     <span class='ocr_line' id='line_1_19' title="bbox 293 2031 1370 2104; baseline -0.003 -16"><span class='ocrx_word' id='word_1_145' title='bbox 293 2036 794 2103; x_wconf 75' lang='lat' dir='ltr'>Attamen‚quiaepulabatanlaudins,</span> <span class='ocrx_word' id='word_1_146' title='bbox 833 2040 951 2104; x_wconf 83' lang='lat' dir='ltr'>pellitad</span> <span class='ocrx_word' id='word_1_147' title='bbox 962 2040 1040 2088; x_wconf 88' lang='lat' dir='ltr'>iram:</span> <span class='ocrx_word' id='word_1_148' title='bbox 1059 2039 1114 2089; x_wconf 74' lang='lat' dir='ltr'>Aut</span> <span class='ocrx_word' id='word_1_149' title='bbox 1133 2038 1166 2087; x_wconf 90' lang='lat' dir='ltr'>ad</span> <span class='ocrx_word' id='word_1_150' title='bbox 1185 2040 1290 2087; x_wconf 89' lang='lat' dir='ltr'>humum</span> <span class='ocrx_word' id='word_1_151' title='bbox 1308 2031 1370 2086; x_wconf 58' lang='lat' dir='ltr'>muel</span> 
     </span>
     <span class='ocr_line' id='line_1_20' title="bbox 258 2114 1371 2181; baseline 0.001 -16"><span class='ocrx_word' id='word_1_152' title='bbox 258 2116 315 2181; x_wconf 78' lang='lat' dir='ltr'>jam</span> <span class='ocrx_word' id='word_1_153' title='bbox 323 2116 381 2164; x_wconf 82' lang='lat' dir='ltr'>vino</span> <span class='ocrx_word' id='word_1_154' title='bbox 390 2115 527 2175; x_wconf 84' lang='lat' dir='ltr'>distentus,</span> <span class='ocrx_word' id='word_1_155' title='bbox 536 2115 579 2178; x_wconf 78' lang='lat' dir='ltr'>qni</span> <span class='ocrx_word' id='word_1_156' title='bbox 588 2116 651 2165; x_wconf 86' lang='lat' dir='ltr'>talia</span> <span class='ocrx_word' id='word_1_157' title='bbox 660 2116 716 2179; x_wconf 84' lang='lat' dir='ltr'>ipse</span> <span class='ocrx_word' id='word_1_158' title='bbox 724 2131 794 2164; x_wconf 87' lang='lat' dir='ltr'>mau-</span> <span class='ocrx_word' id='word_1_159' title='bbox 833 2131 892 2166; x_wconf 84' lang='lat' dir='ltr'>rore</span> <span class='ocrx_word' id='word_1_160' title='bbox 913 2116 986 2180; x_wconf 75' lang='lat' dir='ltr'>gravi</span> <span class='ocrx_word' id='word_1_161' title='bbox 1008 2115 1125 2173; x_wconf 78' lang='lat' dir='ltr'>deducit,</span> <span class='ocrx_word' id='word_1_162' title='bbox 1147 2121 1175 2163; x_wconf 87' lang='lat' dir='ltr'>et</span> <span class='ocrx_word' id='word_1_163' title='bbox 1194 2114 1284 2178; x_wconf 80' lang='lat' dir='ltr'>angit:</span> <span class='ocrx_word' id='word_1_164' title='bbox 1304 2114 1371 2166; x_wconf 79' lang='lat' dir='ltr'>Post</span> 
     </span>
     <span class='ocr_line' id='line_1_21' title="bbox 262 2188 1383 2255; baseline -0.004 -14"><span class='ocrx_word' id='word_1_165' title='bbox 262 2191 325 2241; x_wconf 88' lang='lat' dir='ltr'>dare</span> <span class='ocrx_word' id='word_1_166' title='bbox 345 2191 445 2252; x_wconf 87' lang='lat' dir='ltr'>debuit,</span> <span class='ocrx_word' id='word_1_167' title='bbox 466 2200 496 2240; x_wconf 88' lang='lat' dir='ltr'>et</span> <span class='ocrx_word' id='word_1_168' title='bbox 510 2206 570 2240; x_wconf 83' lang='lat' dir='ltr'>mox</span> <span class='ocrx_word' id='word_1_169' title='bbox 584 2194 685 2255; x_wconf 86' lang='lat' dir='ltr'>andire,</span> <span class='ocrx_word' id='word_1_170' title='bbox 698 2192 794 2253; x_wconf 75' lang='lat' dir='ltr'>fuctum</span> <span class='ocrx_word' id='word_1_171' title='bbox 834 2190 913 2241; x_wconf 86' lang='lat' dir='ltr'>effert</span> <span class='ocrx_word' id='word_1_172' title='bbox 940 2191 1019 2240; x_wconf 86' lang='lat' dir='ltr'>animi</span> <span class='ocrx_word' id='word_1_173' title='bbox 1041 2196 1125 2240; x_wconf 85' lang='lat' dir='ltr'>motus</span> <span class='ocrx_word' id='word_1_174' title='bbox 1152 2190 1300 2253; x_wconf 80' lang='lat' dir='ltr'>interprete</span> <span class='ocrx_word' id='word_1_175' title='bbox 1321 2188 1383 2237; x_wconf 88' lang='lat' dir='ltr'>lin·-</span> 
     </span>
     <span class='ocr_line' id='line_1_22' title="bbox 261 2266 1359 2332; baseline -0.002 -16"><span class='ocrx_word' id='word_1_176' title='bbox 261 2268 380 2330; x_wconf 65' lang='lat' dir='ltr'>essensod</span> <span class='ocrx_word' id='word_1_177' title='bbox 395 2267 540 2330; x_wconf 62' lang='lat' dir='ltr'>impunest,</span> <span class='ocrx_word' id='word_1_178' title='bbox 551 2267 613 2330; x_wconf 78' lang='lat' dir='ltr'>quia</span> <span class='ocrx_word' id='word_1_179' title='bbox 624 2282 665 2317; x_wconf 86' lang='lat' dir='ltr'>res</span> <span class='ocrx_word' id='word_1_180' title='bbox 675 2270 795 2332; x_wconf 77' lang='lat' dir='ltr'>urgebat,</span> <span class='ocrx_word' id='word_1_181' title='bbox 835 2266 905 2331; x_wconf 60' lang='lat' dir='ltr'>gua?</span> <span class='ocrx_word' id='word_1_182' title='bbox 1203 2313 1207 2317; x_wconf 78' lang='grc'>,</span> <span class='ocrx_word' id='word_1_183' title='bbox 1356 2309 1359 2314; x_wconf 17' lang='grc' dir='ltr'><strong>Α</strong></span> 
     </span>
     <span class='ocr_line' id='line_1_23' title="bbox 261 2341 1371 2407; baseline -0.001 -15"><span class='ocrx_word' id='word_1_184' title='bbox 261 2351 290 2394; x_wconf 85' lang='lat' dir='ltr'>et</span> <span class='ocrx_word' id='word_1_185' title='bbox 300 2342 442 2393; x_wconf 74' lang='lat' dir='ltr'>festinabat</span> <span class='ocrx_word' id='word_1_186' title='bbox 452 2343 601 2405; x_wconf 73' lang='lat' dir='ltr'>Narcissus,</span> <span class='ocrx_word' id='word_1_187' title='bbox 613 2352 641 2393; x_wconf 91' lang='lat' dir='ltr'>ut</span> <span class='ocrx_word' id='word_1_188' title='bbox 650 2352 723 2407; x_wconf 83' lang='lat' dir='ltr'>puto,</span> <span class='ocrx_word' id='word_1_189' title='bbox 733 2359 794 2396; x_wconf 88' lang='lat' dir='ltr'>con·</span> <span class='ocrx_word' id='word_1_190' title='bbox 867 2345 956 2394; x_wconf 82' lang='lat' dir='ltr'>Forum</span> <span class='ocrx_word' id='word_1_191' title='bbox 966 2342 1040 2407; x_wconf 64' lang='lat' dir='ltr'>itum,</span> <span class='ocrx_word' id='word_1_192' title='bbox 1050 2344 1168 2393; x_wconf 68' lang='lat' dir='ltr'>«uidente</span> <span class='ocrx_word' id='word_1_193' title='bbox 1179 2341 1267 2405; x_wconf 77' lang='lat' dir='ltr'>matre]</span> <span class='ocrx_word' id='word_1_194' title='bbox 1284 2342 1371 2405; x_wconf 81' lang='lat' dir='ltr'>Repe·</span> 
     </span>
     <span class='ocr_line' id='line_1_24' title="bbox 262 2417 1370 2485; baseline -0.001 -17"><span class='ocrx_word' id='word_1_195' title='bbox 262 2424 351 2468; x_wconf 90' lang='lat' dir='ltr'>tentus</span> <span class='ocrx_word' id='word_1_196' title='bbox 370 2417 421 2467; x_wconf 79' lang='lat' dir='ltr'>t‘uit</span> <span class='ocrx_word' id='word_1_197' title='bbox 441 2419 518 2469; x_wconf 85' lang='lat' dir='ltr'>talem</span> <span class='ocrx_word' id='word_1_198' title='bbox 538 2418 634 2469; x_wconf 82' lang='lat' dir='ltr'>caedem</span> <span class='ocrx_word' id='word_1_199' title='bbox 656 2420 795 2485; x_wconf 81' lang='lat' dir='ltr'>imperare,</span> <span class='ocrx_word' id='word_1_200' title='bbox 834 2420 873 2469; x_wconf 88' lang='lat' dir='ltr'>rio</span> <span class='ocrx_word' id='word_1_201' title='bbox 884 2422 956 2470; x_wconf 88' lang='lat' dir='ltr'>illum</span> <span class='ocrx_word' id='word_1_202' title='bbox 967 2434 1065 2469; x_wconf 84' lang='lat' dir='ltr'>morem</span> <span class='ocrx_word' id='word_1_203' title='bbox 1076 2419 1218 2470; x_wconf 78' lang='lat' dir='ltr'>obtinuisse</span> <span class='ocrx_word' id='word_1_204' title='bbox 1233 2419 1259 2466; x_wconf 89' lang='lat' dir='ltr'>in</span> <span class='ocrx_word' id='word_1_205' title='bbox 1270 2432 1370 2467; x_wconf 88' lang='lat' dir='ltr'>summo</span> 
     </span>
     <span class='ocr_line' id='line_1_25' title="bbox 261 2493 1372 2561; baseline 0.001 -18"><span class='ocrx_word' id='word_1_206' title='bbox 261 2494 376 2544; x_wconf 80' lang='lat' dir='ltr'>Tribuno</span> <span class='ocrx_word' id='word_1_207' title='bbox 383 2503 510 2555; x_wconf 86' lang='lat' dir='ltr'>coram,et</span> <span class='ocrx_word' id='word_1_208' title='bbox 520 2495 581 2557; x_wconf 82' lang='lat' dir='ltr'>ipsis</span> <span class='ocrx_word' id='word_1_209' title='bbox 588 2495 797 2557; x_wconf 81' lang='lat' dir='ltr'>Centurionib&#39;us,</span> <span class='ocrx_word' id='word_1_210' title='bbox 835 2498 919 2561; x_wconf 88' lang='lat' dir='ltr'>luctu,</span> <span class='ocrx_word' id='word_1_211' title='bbox 936 2505 966 2547; x_wconf 90' lang='lat' dir='ltr'>ut</span> <span class='ocrx_word' id='word_1_212' title='bbox 985 2496 1146 2548; x_wconf 72' lang='lat' dir='ltr'>muliercule</span> <span class='ocrx_word' id='word_1_213' title='bbox 1167 2496 1288 2559; x_wconf 76' lang='lat' dir='ltr'>lugentes</span> <span class='ocrx_word' id='word_1_214' title='bbox 1298 2493 1372 2544; x_wconf 83' lang='lat' dir='ltr'>humi</span> 
     </span>
     <span class='ocr_line' id='line_1_26' title="bbox 263 2559 1371 2636; baseline -0.003 -15"><span class='ocrx_word' id='word_1_215' title='bbox 263 2577 298 2621; x_wconf 85' lang='lat' dir='ltr'>et.</span> <span class='ocrx_word' id='word_1_216' title='bbox 310 2578 439 2636; x_wconf 78' lang='lat' dir='ltr'>praterea</span> <span class='ocrx_word' id='word_1_217' title='bbox 455 2570 561 2620; x_wconf 90' lang='lat' dir='ltr'>additus</span> <span class='ocrx_word' id='word_1_218' title='bbox 578 2586 612 2620; x_wconf 85' lang='lat' dir='ltr'>ex</span> <span class='ocrx_word' id='word_1_219' title='bbox 629 2559 796 2622; x_wconf 80' lang='lat' dir='ltr'>interioribus</span> <span class='ocrx_word' id='word_1_220' title='bbox 837 2580 977 2636; x_wconf 72' lang='lat' dir='ltr'>prostrate</span> <span class='ocrx_word' id='word_1_221' title='bbox 994 2572 1114 2636; x_wconf 81' lang='lat' dir='ltr'>jacerent</span> <span class='ocrx_word' id='word_1_222' title='bbox 1120 2589 1128 2634; x_wconf 88' lang='lat'>;</span> <span class='ocrx_word' id='word_1_223' title='bbox 1146 2577 1228 2620; x_wconf 86' lang='lat' dir='ltr'>status</span> <span class='ocrx_word' id='word_1_224' title='bbox 1249 2570 1294 2618; x_wconf 91' lang='lat' dir='ltr'>ille</span> <span class='ocrx_word' id='word_1_225' title='bbox 1313 2584 1371 2619; x_wconf 90' lang='lat' dir='ltr'>cor·</span> 
     </span>
     <span class='ocr_line' id='line_1_27' title="bbox 263 2645 1370 2712; baseline -0.001 -15"><span class='ocrx_word' id='word_1_226' title='bbox 263 2646 354 2697; x_wconf 78' lang='lat' dir='ltr'>aulicis</span> <span class='ocrx_word' id='word_1_227' title='bbox 364 2646 469 2696; x_wconf 88' lang='lat' dir='ltr'>Euodus</span> <span class='ocrx_word' id='word_1_228' title='bbox 480 2646 588 2696; x_wconf 88' lang='lat' dir='ltr'>libertus</span> <span class='ocrx_word' id='word_1_229' title='bbox 598 2652 730 2697; x_wconf 66' lang='lat' dir='ltr'>eradunt</span> <span class='ocrx_word' id='word_1_230' title='bbox 746 2663 797 2697; x_wconf 66' lang='lat' dir='ltr'>cae</span> <span class='ocrx_word' id='word_1_231' title='bbox 835 2649 908 2712; x_wconf 78' lang='lat' dir='ltr'>poris</span> <span class='ocrx_word' id='word_1_232' title='bbox 926 2646 1108 2711; x_wconf 84' lang='lat' dir='ltr'>abjectionem,</span> <span class='ocrx_word' id='word_1_233' title='bbox 1126 2647 1205 2696; x_wconf 82' lang='lat' dir='ltr'>etiam</span> <span class='ocrx_word' id='word_1_234' title='bbox 1226 2645 1370 2710; x_wconf 83' lang='lat' dir='ltr'>animi,da-</span> 
     </span>
     <span class='ocr_line' id='line_1_28' title="bbox 263 2723 976 2787; baseline -0.001 -13"><span class='ocrx_word' id='word_1_235' title='bbox 263 2728 315 2780; x_wconf 71' lang='lat' dir='ltr'>tu:</span> <span class='ocrx_word' id='word_1_236' title='bbox 327 2724 354 2772; x_wconf 91' lang='lat' dir='ltr'>id</span> <span class='ocrx_word' id='word_1_237' title='bbox 365 2723 429 2771; x_wconf 84' lang='lat' dir='ltr'>satis</span> <span class='ocrx_word' id='word_1_238' title='bbox 437 2723 533 2771; x_wconf 79' lang='lat' dir='ltr'>ubam:</span> <span class='ocrx_word' id='word_1_239' title='bbox 546 2723 595 2771; x_wconf 88' lang='lat' dir='ltr'>lroc</span> <span class='ocrx_word' id='word_1_240' title='bbox 606 2723 670 2772; x_wconf 89' lang='lat' dir='ltr'>satis</span> <span class='ocrx_word' id='word_1_241' title='bbox 680 2723 795 2787; x_wconf 80' lang='lat' dir='ltr'>amplum</span> <span class='ocrx_word' id='word_1_242' title='bbox 837 2730 976 2774; x_wconf 84' lang='lat' dir='ltr'>monstrat.</span> 
     </span>
    </p>
   </div>
   <div class='ocr_carea' id='block_1_7' title="bbox 263 2755 1525 2863">
    <p class='ocr_par' dir='ltr' id='par_1_9' title="bbox 263 2755 1525 2863">
     <span class='ocr_line' id='line_1_29' title="bbox 263 2755 1525 2863; baseline 0.001 -16"><span class='ocrx_word' id='word_1_243' title='bbox 263 2798 301 2847; x_wconf 83' lang='lat' dir='ltr'>rei</span> <span class='ocrx_word' id='word_1_244' title='bbox 312 2797 440 2845; x_wconf 76' lang='lat' dir='ltr'>mandate</span> <span class='ocrx_word' id='word_1_245' title='bbox 454 2796 637 2848; x_wconf 83' lang='lat' dir='ltr'>testimonium.</span> <span class='ocrx_word' id='word_1_246' title='bbox 867 2800 911 2850; x_wconf 83' lang='lat' dir='ltr'>Sic</span> <span class='ocrx_word' id='word_1_247' title='bbox 932 2799 1091 2863; x_wconf 80' lang='lat' dir='ltr'>Sisygambis</span> <span class='ocrx_word' id='word_1_248' title='bbox 1106 2805 1190 2850; x_wconf 77' lang='lat' dir='ltr'>mater</span> <span class='ocrx_word' id='word_1_249' title='bbox 1201 2797 1290 2861; x_wconf 86' lang='lat' dir='ltr'>Darii,</span> <span class='ocrx_word' id='word_1_250' title='bbox 1300 2798 1370 2862; x_wconf 82' lang='lat' dir='ltr'>apud</span> <span class='ocrx_word' id='word_1_251' title='bbox 1418 2850 1424 2860; x_wconf 70' lang='grc'><em>,</em></span> <span class='ocrx_word' id='word_1_252' title='bbox 1524 2755 1525 2810; x_wconf 39' lang='lat'>3</span> 
     </span>
    </p>
   </div>
   <div class='ocr_carea' id='block_1_8' title="bbox 263 2874 1411 4236">
    <p class='ocr_par' dir='ltr' id='par_1_10' title="bbox 263 2874 1374 3169">
     <span class='ocr_line' id='line_1_30' title="bbox 296 2874 1370 2940; baseline 0 -17"><span class='ocrx_word' id='word_1_253' title='bbox 296 2874 412 2938; x_wconf 65' lang='lat' dir='ltr'>lcitum]</span> <span class='ocrx_word' id='word_1_254' title='bbox 445 2875 496 2927; x_wconf 82' lang='lat' dir='ltr'>Qui</span> <span class='ocrx_word' id='word_1_255' title='bbox 520 2889 614 2939; x_wconf 83' lang='lat' dir='ltr'>nempe</span> <span class='ocrx_word' id='word_1_256' title='bbox 632 2877 797 2940; x_wconf 78' lang='lat' dir='ltr'>prospiceret</span> <span class='ocrx_word' id='word_1_257' title='bbox 837 2876 910 2927; x_wconf 79' lang='lat' dir='ltr'>Curi.</span> <span class='ocrx_word' id='word_1_258' title='bbox 928 2878 947 2926; x_wconf 90' lang='lat' dir='ltr'>l.</span> <span class='ocrx_word' id='word_1_259' title='bbox 958 2889 988 2926; x_wconf 85' lang='lat' dir='ltr'>x.</span> <span class='ocrx_word' id='word_1_260' title='bbox 1011 2876 1102 2926; x_wconf 84' lang='lat' dir='ltr'>nuntio</span> <span class='ocrx_word' id='word_1_261' title='bbox 1119 2874 1273 2938; x_wconf 85' lang='lat' dir='ltr'>acceptode</span> <span class='ocrx_word' id='word_1_262' title='bbox 1284 2882 1370 2924; x_wconf 88' lang='lat' dir='ltr'>morta</span> 
     </span>
     <span class='ocr_line' id='line_1_31' title="bbox 264 2950 1373 3015; baseline 0 -15"><span class='ocrx_word' id='word_1_263' title='bbox 264 2950 468 3015; x_wconf 85' lang='lat' dir='ltr'>observaretqne</span> <span class='ocrx_word' id='word_1_264' title='bbox 488 2958 606 3002; x_wconf 84' lang='lat' dir='ltr'>anrecte</span> <span class='ocrx_word' id='word_1_265' title='bbox 615 2958 643 3001; x_wconf 90' lang='lat' dir='ltr'>et</span> <span class='ocrx_word' id='word_1_266' title='bbox 654 2953 745 3002; x_wconf 90' lang='lat' dir='ltr'>ordine</span> <span class='ocrx_word' id='word_1_267' title='bbox 757 2968 798 3004; x_wconf 83' lang='lat' dir='ltr'>res</span> <span class='ocrx_word' id='word_1_268' title='bbox 836 2951 996 3004; x_wconf 78' lang='lat' dir='ltr'>Alexandri:</span> <span class='ocrx_word' id='word_1_269' title='bbox 1026 2950 1171 3002; x_wconf 75' lang='lat' dir='ltr'>‘Abscissa</span> <span class='ocrx_word' id='word_1_270' title='bbox 1198 2965 1261 3014; x_wconf 79' lang='lat' dir='ltr'>ergo</span> <span class='ocrx_word' id='word_1_271' title='bbox 1283 2958 1373 3015; x_wconf 80' lang='lat' dir='ltr'>-vcstc,</span> 
     </span>
     <span class='ocr_line' id='line_1_32' title="bbox 264 3026 1374 3094; baseline -0.002 -16"><span class='ocrx_word' id='word_1_272' title='bbox 264 3029 415 3079; x_wconf 78' lang='lat' dir='ltr'>executioni</span> <span class='ocrx_word' id='word_1_273' title='bbox 436 3028 614 3092; x_wconf 72' lang='lat' dir='ltr'>mandaretur,</span> <span class='ocrx_word' id='word_1_274' title='bbox 629 3035 659 3078; x_wconf 90' lang='lat' dir='ltr'>nt</span> <span class='ocrx_word' id='word_1_275' title='bbox 669 3030 798 3094; x_wconf 80' lang='lat' dir='ltr'>imperata</span> <span class='ocrx_word' id='word_1_276' title='bbox 838 3043 889 3094; x_wconf 85' lang='lat' dir='ltr'>qna</span> <span class='ocrx_word' id='word_1_277' title='bbox 908 3028 1001 3078; x_wconf 88' lang='lat' dir='ltr'>induta</span> <span class='ocrx_word' id='word_1_278' title='bbox 1020 3034 1088 3091; x_wconf 82' lang='lat' dir='ltr'>erat,</span> <span class='ocrx_word' id='word_1_279' title='bbox 1106 3026 1240 3092; x_wconf 75' lang='lat' dir='ltr'>lugubrem</span> <span class='ocrx_word' id='word_1_280' title='bbox 1262 3027 1374 3090; x_wconf 68' lang='lat' dir='ltr'>sumsit,</span> 
     </span>
     <span class='ocr_line' id='line_1_33' title="bbox 263 3104 1372 3169; baseline -0.001 -14"><span class='ocrx_word' id='word_1_281' title='bbox 263 3110 329 3155; x_wconf 87' lang='lat' dir='ltr'>erat.</span> <span class='ocrx_word' id='word_1_282' title='bbox 837 3105 1007 3169; x_wconf 66' lang='lat' dir='ltr'>laceratisque</span> <span class='ocrx_word' id='word_1_283' title='bbox 1034 3104 1159 3166; x_wconf 82' lang='lat' dir='ltr'>crinibus,</span> <span class='ocrx_word' id='word_1_284' title='bbox 1185 3104 1255 3153; x_wconf 80' lang='lat' dir='ltr'>humi</span> <span class='ocrx_word' id='word_1_285' title='bbox 1277 3117 1372 3167; x_wconf 78' lang='lat' dir='ltr'>eorpus</span> 
     </span>
    </p>

    <p class='ocr_par' dir='ltr' id='par_1_11' title="bbox 265 3178 1411 3552">
     <span class='ocr_line' id='line_1_34' title="bbox 296 3178 1372 3245; baseline -0.006 -13"><span class='ocrx_word' id='word_1_286' title='bbox 296 3181 340 3232; x_wconf 81' lang='lat' dir='ltr'>Sic</span> <span class='ocrx_word' id='word_1_287' title='bbox 350 3195 429 3245; x_wconf 79' lang='lat' dir='ltr'>snpra</span> <span class='ocrx_word' id='word_1_288' title='bbox 444 3181 519 3230; x_wconf 74' lang='lat' dir='ltr'>bru.</span> <span class='ocrx_word' id='word_1_289' title='bbox 529 3180 564 3230; x_wconf 88' lang='lat' dir='ltr'>de</span> <span class='ocrx_word' id='word_1_290' title='bbox 575 3181 687 3232; x_wconf 86' lang='lat' dir='ltr'>Pisone:</span> <span class='ocrx_word' id='word_1_291' title='bbox 706 3183 798 3234; x_wconf 79' lang='lat' dir='ltr'>‘ludi-</span> <span class='ocrx_word' id='word_1_292' title='bbox 837 3180 943 3245; x_wconf 81' lang='lat' dir='ltr'>abjecit.</span> <span class='ocrx_word' id='word_1_293' title='bbox 976 3178 1116 3230; x_wconf 74' lang='lat' dir='ltr'>Assidebat</span> <span class='ocrx_word' id='word_1_294' title='bbox 1127 3179 1152 3229; x_wconf 88' lang='lat' dir='ltr'>ei</span> <span class='ocrx_word' id='word_1_295' title='bbox 1162 3180 1247 3227; x_wconf 80' lang='lat' dir='ltr'>altera</span> <span class='ocrx_word' id='word_1_296' title='bbox 1260 3193 1296 3227; x_wconf 85' lang='lat' dir='ltr'>ex</span> <span class='ocrx_word' id='word_1_297' title='bbox 1310 3193 1372 3243; x_wconf 83' lang='lat' dir='ltr'>nep·</span> 
     </span>
     <span class='ocr_line' id='line_1_35' title="bbox 266 3255 1373 3321; baseline -0.002 -16"><span class='ocrx_word' id='word_1_298' title='bbox 266 3262 309 3306; x_wconf 86' lang='lat' dir='ltr'>tus</span> <span class='ocrx_word' id='word_1_299' title='bbox 324 3256 436 3320; x_wconf 84' lang='lat' dir='ltr'>lecticae,</span> <span class='ocrx_word' id='word_1_300' title='bbox 455 3264 483 3306; x_wconf 90' lang='lat' dir='ltr'>et</span> <span class='ocrx_word' id='word_1_301' title='bbox 505 3257 651 3306; x_wconf 80' lang='lat' dir='ltr'>a&#39;l&#39;ribuno</span> <span class='ocrx_word' id='word_1_302' title='bbox 667 3260 798 3321; x_wconf 71' lang='lat' dir='ltr'>pretoria</span> <span class='ocrx_word' id='word_1_303' title='bbox 837 3256 918 3319; x_wconf 84' lang='lat' dir='ltr'>tibus,</span> <span class='ocrx_word' id='word_1_304' title='bbox 942 3269 1026 3320; x_wconf 76' lang='lat' dir='ltr'>nuper</span> <span class='ocrx_word' id='word_1_305' title='bbox 1042 3255 1161 3305; x_wconf 85' lang='lat' dir='ltr'>amissum</span> <span class='ocrx_word' id='word_1_306' title='bbox 1178 3255 1373 3320; x_wconf 83' lang='lat' dir='ltr'>Episestionsm,</span> 
     </span>
     <span class='ocr_line' id='line_1_36' title="bbox 265 3331 1209 3399; baseline -0.004 -15"><span class='ocrx_word' id='word_1_307' title='bbox 265 3333 380 3384; x_wconf 82' lang='lat' dir='ltr'>cohortis</span> <span class='ocrx_word' id='word_1_308' title='bbox 399 3333 524 3383; x_wconf 82' lang='lat' dir='ltr'>deductus</span> <span class='ocrx_word' id='word_1_309' title='bbox 535 3339 586 3393; x_wconf 92' lang='lat' dir='ltr'>est,</span> <span class='ocrx_word' id='word_1_310' title='bbox 597 3334 668 3383; x_wconf 78' lang='lat' dir='ltr'>vario</span> <span class='ocrx_word' id='word_1_311' title='bbox 685 3349 800 3399; x_wconf 86' lang='lat' dir='ltr'>rumore,</span> <span class='ocrx_word' id='word_1_312' title='bbox 837 3333 1023 3397; x_wconf 80' lang='lat' dir='ltr'>nninupserat,</span> <span class='ocrx_word' id='word_1_313' title='bbox 1035 3331 1144 3397; x_wconf 77' lang='lat' dir='ltr'>iugens,’</span> <span class='ocrx_word' id='word_1_314' title='bbox 1159 3335 1209 3380; x_wconf 67' lang='lat' dir='ltr'>tue.</span> 
     </span>
     <span class='ocr_line' id='line_1_37' title="bbox 265 3406 1411 3472; baseline -0.003 -14"><span class='ocrx_word' id='word_1_315' title='bbox 265 3414 351 3458; x_wconf 82' lang='lat' dir='ltr'>eustos</span> <span class='ocrx_word' id='word_1_316' title='bbox 371 3409 508 3458; x_wconf 84' lang='lat' dir='ltr'>salutisan</span> <span class='ocrx_word' id='word_1_317' title='bbox 526 3407 617 3458; x_wconf 89' lang='lat' dir='ltr'>mortis</span> <span class='ocrx_word' id='word_1_318' title='bbox 634 3415 741 3459; x_wconf 77' lang='lat' dir='ltr'>exactor</span> <span class='ocrx_word' id='word_1_319' title='bbox 758 3425 798 3460; x_wconf 87' lang='lat' dir='ltr'>se·</span> <span class='ocrx_word' id='word_1_320' title='bbox 870 3410 996 3472; x_wconf 85' lang='lat' dir='ltr'>Etsupra</span> <span class='ocrx_word' id='word_1_321' title='bbox 1016 3408 1034 3457; x_wconf 86' lang='lat' dir='ltr'>i.</span> <span class='ocrx_word' id='word_1_322' title='bbox 1047 3422 1087 3462; x_wconf 84' lang='lat' dir='ltr'>ru.</span> <span class='ocrx_word' id='word_1_323' title='bbox 1105 3408 1186 3456; x_wconf 85' lang='lat' dir='ltr'>‘Rex</span> <span class='ocrx_word' id='word_1_324' title='bbox 1205 3406 1275 3456; x_wconf 85' lang='lat' dir='ltr'>baud</span> <span class='ocrx_word' id='word_1_325' title='bbox 1297 3419 1376 3455; x_wconf 80' lang='lat' dir='ltr'>secus</span> <span class='ocrx_word' id='word_1_326' title='bbox 1406 3435 1411 3439; x_wconf 59' lang='lat'>&gt;</span> 
     </span>
     <span class='ocr_line' id='line_1_38' title="bbox 268 3482 1378 3552; baseline 0.001 -20"><span class='ocrx_word' id='word_1_327' title='bbox 268 3482 410 3548; x_wconf 65' lang='lat' dir='ltr'>queretur!</span> <span class='ocrx_word' id='word_1_328' title='bbox 838 3502 914 3552; x_wconf 89' lang='lat' dir='ltr'>qnam</span> <span class='ocrx_word' id='word_1_329' title='bbox 937 3487 959 3536; x_wconf 88' lang='lat' dir='ltr'>si</span> <span class='ocrx_word' id='word_1_330' title='bbox 979 3486 1096 3550; x_wconf 75' lang='lat' dir='ltr'>peremis</span> <span class='ocrx_word' id='word_1_331' title='bbox 1111 3500 1163 3533; x_wconf 82' lang='lat' dir='ltr'>suue</span> <span class='ocrx_word' id='word_1_332' title='bbox 1173 3498 1243 3533; x_wconf 88' lang='lat' dir='ltr'>mors</span> <span class='ocrx_word' id='word_1_333' title='bbox 1253 3484 1378 3534; x_wconf 86' lang='lat' dir='ltr'>nuntiata</span> 
     </span>
    </p>

    <p class='ocr_par' dir='ltr' id='par_1_12' title="bbox 264 3557 1379 4083">
     <span class='ocr_line' id='line_1_39' title="bbox 298 3557 1377 3627; baseline -0.002 -17"><span class='ocrx_word' id='word_1_334' title='bbox 298 3559 335 3612; x_wconf 83' lang='lat' dir='ltr'>Et</span> <span class='ocrx_word' id='word_1_335' title='bbox 353 3557 420 3608; x_wconf 78' lang='lat' dir='ltr'>infra</span> <span class='ocrx_word' id='word_1_336' title='bbox 430 3560 449 3610; x_wconf 90' lang='lat'>1.</span> <span class='ocrx_word' id='word_1_337' title='bbox 462 3571 528 3609; x_wconf 68' lang='grc' dir='ltr'>ειη.</span> <span class='ocrx_word' id='word_1_338' title='bbox 545 3563 585 3609; x_wconf 82' lang='lat' dir='ltr'>al.</span> <span class='ocrx_word' id='word_1_339' title='bbox 597 3559 641 3609; x_wconf 90' lang='lat' dir='ltr'>nbi</span> <span class='ocrx_word' id='word_1_340' title='bbox 657 3560 692 3610; x_wconf 88' lang='lat' dir='ltr'>de</span> <span class='ocrx_word' id='word_1_341' title='bbox 702 3560 797 3627; x_wconf 74' lang='lat' dir='ltr'>Agrip·</span> <span class='ocrx_word' id='word_1_342' title='bbox 837 3570 919 3626; x_wconf 84' lang='lat' dir='ltr'>esset,</span> <span class='ocrx_word' id='word_1_343' title='bbox 939 3562 1046 3614; x_wconf 90' lang='lat' dir='ltr'>crebros</span> <span class='ocrx_word' id='word_1_344' title='bbox 1063 3560 1147 3611; x_wconf 88' lang='lat' dir='ltr'>edidit</span> <span class='ocrx_word' id='word_1_345' title='bbox 1158 3560 1282 3625; x_wconf 73' lang='lat' dir='ltr'>gemitus,</span> <span class='ocrx_word' id='word_1_346' title='bbox 1293 3561 1377 3623; x_wconf 79' lang='lat' dir='ltr'>laery-</span> 
     </span>
     <span class='ocr_line' id='line_1_40' title="bbox 266 3633 1378 3704; baseline -0.002 -18"><span class='ocrx_word' id='word_1_347' title='bbox 266 3634 337 3699; x_wconf 80' lang='lat' dir='ltr'>pina,</span> <span class='ocrx_word' id='word_1_348' title='bbox 347 3650 405 3699; x_wconf 76' lang='lat' dir='ltr'>quse</span> <span class='ocrx_word' id='word_1_349' title='bbox 416 3633 520 3698; x_wconf 79' lang='lat' dir='ltr'>objecta</span> <span class='ocrx_word' id='word_1_350' title='bbox 536 3635 646 3684; x_wconf 83' lang='lat' dir='ltr'>erimina</span> <span class='ocrx_word' id='word_1_351' title='bbox 663 3636 797 3689; x_wconf 71' lang='lat' dir='ltr'>diuoluit:</span> <span class='ocrx_word' id='word_1_352' title='bbox 837 3640 938 3704; x_wconf 83' lang='lat' dir='ltr'>mirque</span> <span class='ocrx_word' id='word_1_353' title='bbox 953 3638 1063 3696; x_wconf 88' lang='lat' dir='ltr'>obortis,</span> <span class='ocrx_word' id='word_1_354' title='bbox 1075 3638 1164 3702; x_wconf 83' lang='lat' dir='ltr'>quales</span> <span class='ocrx_word' id='word_1_355' title='bbox 1174 3636 1273 3686; x_wconf 78' lang='lat' dir='ltr'>Durius</span> <span class='ocrx_word' id='word_1_356' title='bbox 1285 3633 1378 3700; x_wconf 81' lang='lat' dir='ltr'>profu·</span> 
     </span>
     <span class='ocr_line' id='line_1_41' title="bbox 266 3710 1377 3777; baseline -0.003 -14"><span class='ocrx_word' id='word_1_357' title='bbox 266 3710 401 3763; x_wconf 79' lang='lat' dir='ltr'>‘Rurrlrns</span> <span class='ocrx_word' id='word_1_358' title='bbox 412 3710 444 3759; x_wconf 89' lang='lat' dir='ltr'>iis</span> <span class='ocrx_word' id='word_1_359' title='bbox 459 3710 589 3760; x_wconf 83' lang='lat' dir='ltr'>mandatis</span> <span class='ocrx_word' id='word_1_360' title='bbox 598 3712 698 3763; x_wconf 86' lang='lat' dir='ltr'>Seneca</span> <span class='ocrx_word' id='word_1_361' title='bbox 708 3728 796 3764; x_wconf 83' lang='lat' dir='ltr'>coram</span> <span class='ocrx_word' id='word_1_362' title='bbox 838 3716 930 3776; x_wconf 86' lang='lat' dir='ltr'>disset,</span> <span class='ocrx_word' id='word_1_363' title='bbox 940 3715 967 3765; x_wconf 90' lang='lat' dir='ltr'>in</span> <span class='ocrx_word' id='word_1_364' title='bbox 980 3712 1219 3776; x_wconf 85' lang='lat' dir='ltr'>tabernaculum,iu</span> <span class='ocrx_word' id='word_1_365' title='bbox 1228 3727 1280 3777; x_wconf 81' lang='lat' dir='ltr'>quo</span> <span class='ocrx_word' id='word_1_366' title='bbox 1291 3717 1377 3761; x_wconf 86' lang='lat' dir='ltr'>mater</span> 
     </span>
     <span class='ocr_line' id='line_1_42' title="bbox 264 3784 1379 3858; baseline 0.004 -24"><span class='ocrx_word' id='word_1_367' title='bbox 264 3784 429 3849; x_wconf 77' lang='lat' dir='ltr'>fungebatur.</span> <span class='ocrx_word' id='word_1_368' title='bbox 463 3784 583 3835; x_wconf 79' lang='lat' dir='ltr'>Aderant</span> <span class='ocrx_word' id='word_1_369' title='bbox 603 3793 631 3836; x_wconf 85' lang='lat' dir='ltr'>et</span> <span class='ocrx_word' id='word_1_370' title='bbox 649 3801 682 3836; x_wconf 83' lang='lat' dir='ltr'>ex</span> <span class='ocrx_word' id='word_1_371' title='bbox 696 3789 797 3841; x_wconf 85' lang='lat' dir='ltr'>libertis</span> <span class='ocrx_word' id='word_1_372' title='bbox 836 3791 988 3853; x_wconf 81' lang='lat' dir='ltr'>eratDarii,</span> <span class='ocrx_word' id='word_1_373' title='bbox 998 3789 1123 3842; x_wconf 80' lang='lat' dir='ltr'>defuncto</span> <span class='ocrx_word' id='word_1_374' title='bbox 1134 3788 1250 3840; x_wconf 85' lang='lat' dir='ltr'>assidens</span> <span class='ocrx_word' id='word_1_375' title='bbox 1260 3786 1379 3858; x_wconf 74' lang='lat' dir='ltr'>corpori,</span> 
     </span>
     <span class='ocr_line' id='line_1_43' title="bbox 266 3862 1379 3931; baseline 0.002 -19"><span class='ocrx_word' id='word_1_376' title='bbox 266 3862 360 3914; x_wconf 84' lang='lat' dir='ltr'>arbitri</span> <span class='ocrx_word' id='word_1_377' title='bbox 368 3863 514 3913; x_wconf 79' lang='lat' dir='ltr'>sermonisz’</span> <span class='ocrx_word' id='word_1_378' title='bbox 524 3864 551 3914; x_wconf 89' lang='lat' dir='ltr'>id</span> <span class='ocrx_word' id='word_1_379' title='bbox 560 3865 701 3928; x_wconf 84' lang='lat' dir='ltr'>est,velnti</span> <span class='ocrx_word' id='word_1_380' title='bbox 709 3872 798 3931; x_wconf 78' lang='lat' dir='ltr'>testes,</span> <span class='ocrx_word' id='word_1_381' title='bbox 836 3868 918 3918; x_wconf 82' lang='lat' dir='ltr'>venit.</span> <span class='ocrx_word' id='word_1_382' title='bbox 936 3867 990 3917; x_wconf 86' lang='lat' dir='ltr'>llic</span> <span class='ocrx_word' id='word_1_383' title='bbox 1001 3881 1065 3916; x_wconf 82' lang='lat' dir='ltr'>vero</span> <span class='ocrx_word' id='word_1_384' title='bbox 1077 3871 1379 3927; x_wconf 80' lang='lat' dir='ltr'>revocatnsestrnoeror,</span> 
     </span>
     <span class='ocr_line' id='line_1_44' title="bbox 267 3938 1378 4008; baseline 0.005 -21"><span class='ocrx_word' id='word_1_385' title='bbox 267 3938 398 4002; x_wconf 81' lang='lat' dir='ltr'>custodes,</span> <span class='ocrx_word' id='word_1_386' title='bbox 414 3945 444 3989; x_wconf 89' lang='lat' dir='ltr'>et</span> <span class='ocrx_word' id='word_1_387' title='bbox 462 3940 507 4002; x_wconf 89' lang='lat' dir='ltr'>qni</span> <span class='ocrx_word' id='word_1_388' title='bbox 525 3941 665 4006; x_wconf 69' lang='lat' dir='ltr'>exigerent</span> <span class='ocrx_word' id='word_1_389' title='bbox 681 3941 719 4004; x_wconf 89' lang='lat' dir='ltr'>id,</span> <span class='ocrx_word' id='word_1_390' title='bbox 728 3943 797 4008; x_wconf 90' lang='lat' dir='ltr'>qnod</span> <span class='ocrx_word' id='word_1_391' title='bbox 838 3949 869 3992; x_wconf 92' lang='lat' dir='ltr'>nt</span> <span class='ocrx_word' id='word_1_392' title='bbox 879 3949 1038 4006; x_wconf 82' lang='lat' dir='ltr'>prostratam</span> <span class='ocrx_word' id='word_1_393' title='bbox 1049 3940 1119 3990; x_wconf 83' lang='lat' dir='ltr'>humi</span> <span class='ocrx_word' id='word_1_394' title='bbox 1128 3939 1212 4003; x_wconf 83' lang='lat' dir='ltr'>vidit,&#39;</span> <span class='ocrx_word' id='word_1_395' title='bbox 1222 3942 1275 3990; x_wconf 75' lang='lat' dir='ltr'>tto.</span> <span class='ocrx_word' id='word_1_396' title='bbox 1303 3939 1378 3996; x_wconf 73' lang='lat' dir='ltr'>Quia</span> 
     </span>
     <span class='ocr_line' id='line_1_45' title="bbox 265 4013 1215 4083; baseline 0.001 -19"><span class='ocrx_word' id='word_1_397' title='bbox 265 4013 534 4079; x_wconf 74' lang='lat' dir='ltr'>imperitusetNero.</span> <span class='ocrx_word' id='word_1_398' title='bbox 838 4032 933 4083; x_wconf 77' lang='lat' dir='ltr'>nempe</span> <span class='ocrx_word' id='word_1_399' title='bbox 944 4032 1010 4069; x_wconf 84' lang='lat' dir='ltr'>uxor</span> <span class='ocrx_word' id='word_1_400' title='bbox 1021 4017 1099 4067; x_wconf 85' lang='lat' dir='ltr'>Darii</span> <span class='ocrx_word' id='word_1_401' title='bbox 1107 4015 1215 4066; x_wconf 86' lang='lat' dir='ltr'>obierat.</span> 
     </span>
    </p>

    <p class='ocr_par' dir='ltr' id='par_1_13' title="bbox 265 4089 1379 4236">
     <span class='ocr_line' id='line_1_46' title="bbox 299 4089 1379 4159; baseline 0.002 -19"><span class='ocrx_word' id='word_1_402' title='bbox 299 4089 412 4155; x_wconf 62' lang='lat' dir='ltr'>“Hamil</span> <span class='ocrx_word' id='word_1_403' title='bbox 450 4091 557 4143; x_wconf 78' lang='lat' dir='ltr'>Flentes</span> <span class='ocrx_word' id='word_1_404' title='bbox 576 4093 647 4143; x_wconf 85' lang='lat' dir='ltr'>borni</span> <span class='ocrx_word' id='word_1_405' title='bbox 665 4093 803 4159; x_wconf 80' lang='lat' dir='ltr'>sedebant,</span> <span class='ocrx_word' id='word_1_406' title='bbox 871 4089 1224 4155; x_wconf 67' lang='lat' dir='ltr'>&#39;Asddestsumtrslaepidd</span> <span class='ocrx_word' id='word_1_407' title='bbox 1245 4091 1379 4143; x_wconf 70' lang='lat' dir='ltr'>Quanam</span> 
     </span>
     <span class='ocr_line' id='line_1_47' title="bbox 265 4162 1377 4236; baseline -0.001 -18"><span class='ocrx_word' id='word_1_408' title='bbox 265 4162 402 4231; x_wconf 77' lang='lat' dir='ltr'>iacebant.</span> <span class='ocrx_word' id='word_1_409' title='bbox 422 4166 497 4234; x_wconf 64' lang='grc' dir='ltr'><strong>νῆις.</strong></span> <span class='ocrx_word' id='word_1_410' title='bbox 518 4168 538 4221; x_wconf 86' lang='lat'>1.</span> <span class='ocrx_word' id='word_1_411' title='bbox 560 4181 601 4222; x_wconf 77' lang='lat' dir='ltr'>u.</span> <span class='ocrx_word' id='word_1_412' title='bbox 627 4170 802 4224; x_wconf 77' lang='lat' dir='ltr'>‘consedisse</span> <span class='ocrx_word' id='word_1_413' title='bbox 839 4169 896 4224; x_wconf 72' lang='lat' dir='ltr'>bec</span> <span class='ocrx_word' id='word_1_414' title='bbox 912 4166 1030 4232; x_wconf 69' lang='lat' dir='ltr'>lapids?</span> <span class='ocrx_word' id='word_1_415' title='bbox 1051 4164 1377 4236; x_wconf 72' lang='lat' dir='ltr'>Egorsroreperisscma</span> 
     </span>
    </p>
   </div>
   <div class='ocr_carea' id='block_1_9' title="bbox 0 0 1558 4917">
    <p class='ocr_par' dir='ltr' id='par_1_14' title="bbox 0 0 1558 4917">
     <span class='ocr_line' id='line_1_48' title="bbox 0 0 1558 4917; baseline 0 0"><span class='ocrx_word' id='word_1_416' title='bbox 0 0 1558 4917; x_wconf 95' lang='lat' dir='ltr'> </span> 
     </span>
    </p>
   </div>
  </div>
 </body>
</html>
