3075 4917
270 379 342 454 w
618 394 659 450 ‘'c.
682 396 866 449 conuenta
889 395 1020 446 raorrr
1218 398 1376 467 [susm

271 543 355 610 ritae
381 541 454 620 furit,
475 540 663 618 meditatas,
679 541 949 625 compositasque
964 534 1088 604 'dirnab
1106 537 1376 623 imprecabatur:

275 650 348 719 ‘ut,
364 642 641 727 quemadmodum
665 642 1002 725 nurum⁰fi1iunque¹
1017 639 1126 705 fratris
1146 646 1181 706 et
1198 636 1377 725 nepotes²d

272 746 476 830 domumque
490 765 620 811 omnem
635 744 786 811 caedibus
798 741 1046 826 complevisset,
1057 739 1106 806 ita
1118 759 1240 824 poenas
1249 741 1376 806 nomini

273 848 451 932 generique
463 847 625 934 majorum
645 854 679 912 et
702 847 845 931 posteris
870 840 1081 910 exsolveret?
1125 841 1377 909 obturbabant·

272 950 409 1035 quidem
424 950 555 1029 Patres,
569 951 684 1034 specie
698 946 884 1015 detestandi
894 943 922 1012 τ’
941 945 1002 1011 sed
1015 945 1211 1030 penetrabat
1223 963 1330 1030 pavor
1343 951 1377 1012 et

273 1051 463 1131 admiratio,
477 1052 635 1118 callidum
648 1051 740 1129 olim,
755 1054 789 1114 et
803 1045 951 1131 tegendis
975 1046 1157 1112 sceleribus
1179 1047 1375 1124 obscurum

271 1152 338 1218 buc
365 1151 571 1219 confidentiae
594 1152 738 1229 venisse,
751 1156 800 1227 ut,
821 1156 981 1232 tauquam
1000 1146 1160 1213 demotis³
1181 1147 1375 1232 parietibus,

271 1254 457 1320 ostenderet
468 1261 624 1337 nepotem
638 1254 703 1318 suh
715 1253 851 1317 verbere
866 1247 1085 1327 Centuriouis,
1109 1248 1191 1314 iuter
1207 1267 1376 1329 serrorum

271 1355 371 1435 ictus,
387 1361 536 1422 extrema
549 1356 630 1423 ritae
641 1351 797 1420 alimenta
808 1350 930 1416 frastra
944 1354 1105 1416 orantem.
1120 1387 1130 1402 -

270 1562 328 1612 dire
336 1567 360 1612 et
370 1562 505 1614 eeitiabilio
517 1562 613 1614 Tiberio
629 1563 753 1628 optabat:
770 1563 854 1613 deinde
864 1560 906 1613 nbi
916 1577 980 1628 spart
989 1576 1080 1613 omress
1089 1560 1173 1611 nitetis
1182 1558 1274 1623 abian,
1283 1556 1376 1621 cogita·

270 1632 318 1688 tas,
323 1632 495 1692 praceptmqae
504 1628 581 1678 animo
592 1628 769 1692 imprecationes
778 1626 921 1693 effundebat,
932 1634 960 1677 ot
971 1627 1050 1677 sicuti
1065 1641 1156 1677 nurum
1167 1624 1335 1688 Agrippinam,
1346 1631 1376 1672 et

269 1690 352 1739 tilium
362 1690 450 1741 fratris
463 1692 640 1754 Germanicam,
649 1701 819 1756 nepotesque,
839 1698 866 1743 et
878 1706 979 1742 omnem
990 1689 1113 1742 familiam
1124 1704 1226 1751 cruore,
1243 1695 1271 1737 et
1287 1688 1376 1737 exitiis

270 1754 414 1818 afflixisset,
422 1756 461 1805 itu
482 1758 611 1821 supplicia
626 1758 711 1807 lueret
721 1756 811 1806 debita
822 1758 892 1820 genti
904 1756 1049 1821 nominique
1060 1754 1195 1818 majoram,
1209 1768 1240 1803 ac
1252 1752 1375 1817 posteris,

273 1819 541 1885 Obstrepebontqnident
551 1826 677 1883 unctores,
688 1821 754 1883 quan
762 1822 954 1870 abominarentur
964 1823 1042 1870 rerba
1054 1819 1098 1868 ills
1109 1819 1188 1867 Drusi
1200 1834 1207 1867 r
1222 1819 1263 1865 sed
1270 1815 1376 1864 intrabat

269 1884 359 1933 uriam
368 1889 452 1945 naas,
462 1900 491 1933 ac
500 1891 592 1948 stupor,
601 1900 655 1934 carn
661 1886 776 1947 riderm,
786 1884 880 1946 πίνη
890 1885 955 1947 alirn,
964 1890 988 1934 et
996 1883 1140 1933 occultandis
1145 1882 1252 1946 flagitiis
1259 1885 1376 1930 ποντίου

269 1947 415 2010 Tiberium,
423 1963 450 1997 eo
460 1949 763 2013 imminuerentur,
781 1955 809 2002 ut
819 1952 882 1999 octat
897 1954 979 2012 aperto
994 1948 1077 1998 limine
1093 1952 1117 1997 et
1132 1947 1245 1996 elstrstris
1259 1949 1376 2008 pesatmn

270 2012 364 2075 amis,
372 2017 499 2061 enataret
513 2017 618 2088 nepotem
635 2013 677 2062 rab
688 2014 737 2062 site
750 2012 878 2076 rtflagello
892 2012 1042 2077 centorionis,
1053 2016 1077 2062 et
1086 2012 1150 2061 ister
1164 2010 1259 2061 seruilia
1269 2008 1378 2073 urbere,

266 2074 364 2134 srsstra
374 2077 519 2139 rogitastest
526 2076 590 2128 ntor
599 2078 693 2127 ultimos
702 2077 787 2141 oritas
796 2078 871 2127 titan
881 2079 1001 2129 toleraret.

734 2203 851 2227 noenu
855 2204 913 2226 ΗΝ

272 2359 275 2364 Ι
304 2300 380 2350 lIta
390 2300 518 2352 Msb‘lor.
531 2301 826 2367 etoptimmeditioues.
853 2302 885 2352 Iu
904 2301 994 2367 paucis
1012 2301 1143 2362 omissum,
1160 2315 1212 2364 ose.
1228 2296 1376 2348 Erotion.-

269 2369 286 2414 2
302 2365 418 2415 Verbum
436 2365 566 2416 excidisse
587 2369 707 2431 opinatur
723 2366 869 2417 Acidalius.
904 2366 975 2417 Nihil
995 2367 1084 2431 periit,
1099 2365 1146 2415 sed
1167 2362 1375 2427 intelligendum,

268 2429 434 2493 oppressisset.-
452 2430 520 2494 quod
542 2439 615 2481 recte
633 2431 763 2491 omissum,
775 2438 804 2480 ut
822 2431 902 2495 major
913 2432 947 2480 sit
958 2431 1081 2483 orationis
1093 2431 1139 2481 nis.
1158 2429 1281 2480 idern-3
1299 2428 1376 2477 Beue

268 2493 393 2548 Ernestus
404 2501 432 2546 et
442 2495 610 2562 recentiores.
644 2494 743 2561 Ceteri,
754 2495 859 2548 dimotis.
879 2494 962 2546 Idem.

771 2649 878 2702 NO'PAE

298 2784 525 2851 bDiras]Nonius
535 2802 542 2838 z
553 2789 562 2818 ‘
573 2790 711 2838 Dirnnest
722 2789 799 2838 triste
839 2795 919 2840 etate
931 2786 1078 2853 protectis:
1096 2792 1176 2853 stqne
1198 2801 1232 2836 ex
1248 2799 1279 2835 eo
1299 2793 1376 2850 pate·

265 2866 294 2911 et
305 2859 439 2926 infestum,
455 2870 484 2913 et
495 2864 569 2928 quasi
579 2863 692 2913 Deorum
703 2865 741 2913 ira
752 2864 799 2912 im·
837 2864 911 2915 tacta
928 2865 1052 2915 interiore
1071 2862 1149 2912 animi
1159 2863 1198 2911 sni
1209 2868 1281 2925 nota,
1291 2863 1377 2913 omui·

267 2935 446 2999 missum‚'&c.
457 2938 531 3003 virg.
544 2940 798 3005 l.tv.‘Ultrieesque
838 2955 882 2993 nm
898 2940 1119 2991 criminationibus
1138 2938 1262 2988 obnoxias
1285 2937 1374 2987 reddi·

267 3010 360 3061 sedent
370 3011 397 3061 in
408 3012 496 3062 limine
507 3013 600 3065 Dine!
838 3019 894 3068 dit:
922 3017 1046 3082 variaque
1071 3013 1164 3064 fraude
1188 3011 1317 3075 inductos,
1344 3019 1376 3069 ut

298 3089 433 3153 ΨΜ]
463 3088 496 3138 Τὸ
515 3090 674 3155 completisset
692 3090 798 3155 proprie
837 3095 1032 3145 concitarentur
1049 3093 1082 3143 sd
1092 3089 1264 3152 courleia,.et
1283 3089 1376 3142 conci·

266 3170 367 3215 tanturn
389 3165 481 3216 referri
492 3166 574 3230 possit
586 3166 619 3216 ad
636 3180 677 3229 ea,
694 3169 797 3216 domurn·
837 3171 887 3221 tati
899 3170 1079 3235 perderentur,
1100 3166 1234 3218 accttsarit
1252 3179 1302 3229 per
1312 3167 1375 3216 lite·

265 3253 310 3303 aas
330 3255 429 3291 ornnem.
471 3241 524 3292 Sed
548 3256 595 3306 pro
616 3242 691 3306 genio
709 3242 797 3292 Taciti
836 3244 1058 3307 ras‚amarisslure
1077 3242 1206 3308 congestis
1222 3241 1375 3306 etisnrpro·

267 3316 347 3367 debet
357 3318 397 3367 ris
407 3317 477 3368 illius
485 3325 514 3369 et
522 3317 683 3383 significatus
691 3317 798 3369 extendi
837 3320 900 3384 bris,
919 3328 946 3373 et
960 3320 1093 3386 judicatos
1105 3319 1199 3372 ,hostes
1215 3315 1284 3368 fame
1294 3331 1375 3370 neca·

267 3390 301 3444 ad
311 3386 635 3459 aarum,'jiliamqsefratris,
651 3399 677 3444 et
687 3400 781 3460 nepotes
787 3411 797 3454 ;
836 3396 893 3446 rit?

265 3465 328 3532 quos
338 3482 427 3518 omnes
439 3470 510 3519 velut
521 3484 572 3519 una
583 3477 669 3535 strage
688 3477 717 3521 et
728 3471 797 3521 occi·
868 3480 880 3506 s
898 3471 1075 3536 Obtortabartt]
1098 3470 1141 3520 Sle
1161 3472 1266 3521 sueton
1278 3470 1374 3526 Claud.

265 3543 343 3593 dione
354 3543 522 3595 interemerat
530 3546 660 3596 Tiberius.
835 3553 876 3600 46.
902 3551 1073 3615 ‘Quanquam
1095 3545 1303 3597 abominantibus
1326 3546 1374 3613 qni

296 3619 416 3671 ‘rnna
430 3620 522 3682 fratris
538 3626 562 3672 et
583 3615 689 3685 nepotes]
703 3616 796 3673 Totam
836 3624 995 3688 audiebant‚'
1023 3639 1082 3673 cam
1104 3637 1198 3686 nempe
1218 3622 1319 3674 diceret
1343 3636 1376 3676 se

264 3710 367 3747 scenam
387 3697 511 3749 describit
530 3698 667 3748 Suetonius
683 3700 742 3750 Tib.
753 3705 796 3752 tt.
835 3700 843 3727 ‘
856 3701 995 3750 scaenicae
1007 3699 1040 3749 ad
1052 3698 1130 3748 duem
1141 3698 1326 3750 mortalitatis!

205 3829 207 3836 y
262 3773 435 3823 ‘Destitutor
454 3780 538 3824 morte
554 3775 702 3839 liberorum,
716 3778 795 3826 maai-
867 3771 973 3840 'Specie
991 3773 1133 3838 actearsn']
1160 3775 1373 3827 Nouatbertnrn

263 3861 320 3900 mos
337 3855 401 3898 natu
423 3849 457 3899 de
477 3850 626 3901 Germanici
638 3849 697 3900 tiliis
710 3852 794 3901 Nero·
834 3858 880 3902 ant
899 3851 1026 3902 sevitiam
1046 3850 1124 3912 illius,
1148 3850 1320 3914 nequeenim
1343 3849 1372 3906 id

262 3937 323 3975 uem
341 3931 368 3975 et
386 3926 498 3975 Drusum
510 3926 543 3977 P.
555 3927 586 3977 G.
596 3925 794 3993 commendavit,
835 3930 919 3991 palam
932 3927 986 3977 ausi
996 3933 1082 3977 esseut
1099 3931 1195 3990 patres,
1214 3925 1297 3975 sedin
1308 3941 1372 3991 spe·

262 4003 314 4051 dre.
342 4000 395 4052 Sed
406 4008 435 4053 ut
455 4003 591 4068 comperit,
602 4004 709 4053 ineunte
725 4019 793 4055 anuo
833 4004 901 4054 ciem
922 4003 1076 4055 simulabant
1095 4002 1220 4051 detestari
1232 4016 1261 4052 se
1273 4002 1372 4067 impre-

261 4087 310 4138 pro
331 4089 420 4127 eorum
443 4092 546 4145 qnoque
565 4079 648 4130 salute
668 4085 794 4129 votasus-
833 4080 957 4144 cationes,
980 4093 1044 4144 quas
1068 4078 1095 4127 ln
1119 4077 1249 4127 Cererem
1272 4075 1371 4134 effudit

261 4157 350 4214 cepta,
361 4153 417 4215 egit
438 4167 497 4203 cum
516 4160 678 4217 senatn,nou
696 4156 793 4207 debere
833 4158 944 4222 Drusus,
953 4170 1012 4210 euru
1023 4154 1085 4207 rita
1096 4167 1191 4222 exspes
1200 4150 1261 4205 fuit.

262 4225 325 4280 telis
346 4226 453 4292 praemis
468 4226 558 4294 tribui,
567 4227 617 4281 uisi
633 4229 750 4297 expertis
762 4238 791 4284 et
