<?xml version="1.0" encoding="UTF-8"?>
<!DOCTYPE html PUBLIC "-//W3C//DTD XHTML 1.0 Transitional//EN"
    "http://www.w3.org/TR/xhtml1/DTD/xhtml1-transitional.dtd">
<html xmlns="http://www.w3.org/1999/xhtml" xml:lang="en" lang="en">
 <head>
  <title>
</title>
<meta http-equiv="Content-Type" content="text/html;charset=utf-8" />
  <meta name='ocr-system' content='tesseract 3.04.00' />
  <meta name='ocr-capabilities' content='ocr_page ocr_carea ocr_par ocr_line ocrx_word'/>
</head>
<body>
  <div class='ocr_page' id='page_1' title='image "./operaomnia03tacigoog_0304.png"; bbox 0 0 3075 4917; ppageno 0'>
   <div class='ocr_carea' id='block_1_1' title="bbox 236 393 1340 486">
    <p class='ocr_par' dir='ltr' id='par_1_1' title="bbox 236 393 1340 486">
     <span class='ocr_line' id='line_1_1' title="bbox 236 393 1340 486; baseline 0.009 -32"><span class='ocrx_word' id='word_1_1' title='bbox 236 393 313 486; x_wconf 47' lang='grc' dir='ltr'><strong>θῆρ’</strong></span> <span class='ocrx_word' id='word_1_2' title='bbox 596 410 628 455; x_wconf 87' lang='lat' dir='ltr'><strong>e.</strong></span> <span class='ocrx_word' id='word_1_3' title='bbox 653 406 833 458; x_wconf 74' lang='lat' dir='ltr'><strong>conannn</strong></span> <span class='ocrx_word' id='word_1_4' title='bbox 857 404 985 455; x_wconf 72' lang='lat' dir='ltr'><strong>sacrm</strong></span> <span class='ocrx_word' id='word_1_5' title='bbox 1183 413 1340 476; x_wconf 58' lang='lat' dir='ltr'><strong>[numm.</strong></span> 
     </span>
    </p>
   </div>
   <div class='ocr_carea' id='block_1_2' title="bbox 233 551 1374 1045">
    <p class='ocr_par' dir='ltr' id='par_1_2' title="bbox 233 551 1374 1045">
     <span class='ocr_line' id='line_1_2' title="bbox 277 551 1341 641; baseline 0.004 -24"><span class='ocrx_word' id='word_1_6' title='bbox 277 552 331 618; x_wconf 88' lang='grc'><strong>16.</strong></span> <span class='ocrx_word' id='word_1_7' title='bbox 355 551 616 636; x_wconf 85' lang='lat' dir='ltr'><strong>Intereamagna</strong></span> <span class='ocrx_word' id='word_1_8' title='bbox 628 551 682 616; x_wconf 88' lang='lat' dir='ltr'><strong>vis</strong></span> <span class='ocrx_word' id='word_1_9' title='bbox 695 555 928 618; x_wconf 73' lang='lat' dir='ltr'><strong>accusatorum</strong></span> <span class='ocrx_word' id='word_1_10' title='bbox 939 554 974 617; x_wconf 91' lang='lat' dir='ltr'><strong>in</strong></span> <span class='ocrx_word' id='word_1_11' title='bbox 988 570 1048 617; x_wconf 88' lang='lat' dir='ltr'><strong>cos</strong></span> <span class='ocrx_word' id='word_1_12' title='bbox 1063 552 1195 638; x_wconf 82' lang='lat' dir='ltr'><strong>irrupit,</strong></span> <span class='ocrx_word' id='word_1_13' title='bbox 1209 558 1268 639; x_wconf 84' lang='lat' dir='ltr'><strong>qui</strong></span> <span class='ocrx_word' id='word_1_14' title='bbox 1283 573 1341 641; x_wconf 86' lang='lat' dir='ltr'><strong>pe·</strong></span> 
     </span>
     <span class='ocr_line' id='line_1_3' title="bbox 235 651 1347 737; baseline 0.004 -18"><span class='ocrx_word' id='word_1_15' title='bbox 235 655 351 720; x_wconf 82' lang='lat' dir='ltr'><strong>eunias</strong></span> <span class='ocrx_word' id='word_1_16' title='bbox 366 651 499 720; x_wconf 76' lang='lat' dir='ltr'><strong>foenorei</strong></span> <span class='ocrx_word' id='word_1_17' title='bbox 519 655 735 731; x_wconf 70' lang='lat' dir='ltr'><strong>auctitabant,</strong></span> <span class='ocrx_word' id='word_1_18' title='bbox 751 654 927 720; x_wconf 77' lang='lat' dir='ltr'><strong>adversum</strong></span> <span class='ocrx_word' id='word_1_19' title='bbox 941 656 1047 737; x_wconf 80' lang='lat' dir='ltr'><strong>legem</strong></span> <span class='ocrx_word' id='word_1_20' title='bbox 1063 655 1252 721; x_wconf 83' lang='lat' dir='ltr'><strong>Dictatoris·</strong></span> <span class='ocrx_word' id='word_1_21' title='bbox 1262 657 1347 724; x_wconf 65' lang='lat' dir='ltr'><strong>Ge:</strong></span> 
     </span>
     <span class='ocr_line' id='line_1_4' title="bbox 234 754 1370 840; baseline 0.004 -19"><span class='ocrx_word' id='word_1_22' title='bbox 234 754 339 835; x_wconf 46' lang='lat' dir='ltr'><strong>saris}</strong></span> <span class='ocrx_word' id='word_1_23' title='bbox 353 777 420 840; x_wconf 90' lang='lat' dir='ltr'><strong>qua</strong></span> <span class='ocrx_word' id='word_1_24' title='bbox 442 757 510 821; x_wconf 86' lang='lat' dir='ltr'><strong>‘de</strong></span> <span class='ocrx_word' id='word_1_25' title='bbox 528 756 628 828; x_wconf 78' lang='lat' dir='ltr'><strong>modo</strong></span> <span class='ocrx_word' id='word_1_26' title='bbox 646 756 804 820; x_wconf 82' lang='lat' dir='ltr'><strong>credendi</strong></span> <span class='ocrx_word' id='word_1_27' title='bbox 820 756 1082 839; x_wconf 81' lang='lat' dir='ltr'><strong>possidendique</strong></span> <span class='ocrx_word' id='word_1_28' title='bbox 1094 759 1180 823; x_wconf 82' lang='lat' dir='ltr'><strong>intra</strong></span> <span class='ocrx_word' id='word_1_29' title='bbox 1195 758 1330 825; x_wconf 81' lang='lat' dir='ltr'><strong>Italiam</strong></span> <span class='ocrx_word' id='word_1_30' title='bbox 1365 807 1370 813; x_wconf 83' lang='lat'>-</span> 
     </span>
     <span class='ocr_line' id='line_1_5' title="bbox 235 851 1374 945; baseline 0.004 -21"><span class='ocrx_word' id='word_1_31' title='bbox 235 851 373 925; x_wconf 76' lang='lat' dir='ltr'><strong>cavetur</strong></span> <span class='ocrx_word' id='word_1_32' title='bbox 387 880 396 939; x_wconf 81' lang='lat'><em>3</em></span> <span class='ocrx_word' id='word_1_33' title='bbox 409 861 578 930; x_wconf 61' lang='lat' dir='ltr'><strong>,omissam</strong></span> <span class='ocrx_word' id='word_1_34' title='bbox 592 860 684 936; x_wconf 90' lang='lat' dir='ltr'><strong>olim,</strong></span> <span class='ocrx_word' id='word_1_35' title='bbox 699 860 779 943; x_wconf 86' lang='lat' dir='ltr'><strong>quia</strong></span> <span class='ocrx_word' id='word_1_36' title='bbox 793 860 927 943; x_wconf 82' lang='lat' dir='ltr'><strong>privato</strong></span> <span class='ocrx_word' id='word_1_37' title='bbox 937 860 1015 944; x_wconf 80' lang='lat' dir='ltr'><strong>usui</strong></span> <span class='ocrx_word' id='word_1_38' title='bbox 1029 861 1344 945; x_wconf 86' lang='lat' dir='ltr'><strong>bonumpublicum</strong></span> <span class='ocrx_word' id='word_1_39' title='bbox 1370 887 1374 892; x_wconf 89' lang='lat'>·</span> 
     </span>
     <span class='ocr_line' id='line_1_6' title="bbox 233 958 1373 1045; baseline 0.005 -20"><span class='ocrx_word' id='word_1_40' title='bbox 233 962 454 1045; x_wconf 70' lang='lat' dir='ltr'><strong>postponitur.</strong></span> <span class='ocrx_word' id='word_1_41' title='bbox 497 961 587 1045; x_wconf 81' lang='lat' dir='ltr'><strong>Sanc</strong></span> <span class='ocrx_word' id='word_1_42' title='bbox 607 966 705 1026; x_wconf 79' lang='lat' dir='ltr'><strong>votus</strong></span> <span class='ocrx_word' id='word_1_43' title='bbox 728 961 805 1025; x_wconf 88' lang='lat' dir='ltr'><strong>urbi</strong></span> <span class='ocrx_word' id='word_1_44' title='bbox 823 959 972 1028; x_wconf 87' lang='lat' dir='ltr'><strong>foenebre</strong></span> <span class='ocrx_word' id='word_1_45' title='bbox 991 958 1143 1038; x_wconf 72' lang='lat' dir='ltr'><strong>malum,k</strong></span> <span class='ocrx_word' id='word_1_46' title='bbox 1156 970 1190 1027; x_wconf 87' lang='lat' dir='ltr'><strong>et</strong></span> <span class='ocrx_word' id='word_1_47' title='bbox 1203 961 1339 1032; x_wconf 77' lang='lat' dir='ltr'><strong>seditio·</strong></span> <span class='ocrx_word' id='word_1_48' title='bbox 1369 961 1373 968; x_wconf 80' lang='grc'><strong>’</strong></span> 
     </span>
    </p>
   </div>
   <div class='ocr_carea' id='block_1_3' title="bbox 232 1145 1374 1405">
    <p class='ocr_par' dir='ltr' id='par_1_3' title="bbox 232 1145 1374 1405">
     <span class='ocr_line' id='line_1_7' title="bbox 267 1145 1340 1212; baseline 0.003 -18"><span class='ocrx_word' id='word_1_49' title='bbox 267 1145 370 1212; x_wconf 66' lang='lat' dir='ltr'><strong>Interim</strong></span> <span class='ocrx_word' id='word_1_50' title='bbox 381 1145 542 1208; x_wconf 78' lang='lat' dir='ltr'><strong>turbutngeas</strong></span> <span class='ocrx_word' id='word_1_51' title='bbox 557 1147 686 1196; x_wconf 74' lang='lat' dir='ltr'><strong>delatorum</strong></span> <span class='ocrx_word' id='word_1_52' title='bbox 701 1145 727 1194; x_wconf 79' lang='lat' dir='ltr'><strong>ia</strong></span> <span class='ocrx_word' id='word_1_53' title='bbox 746 1160 785 1194; x_wconf 86' lang='lat' dir='ltr'><strong>eos</strong></span> <span class='ocrx_word' id='word_1_54' title='bbox 800 1145 897 1206; x_wconf 79' lang='lat' dir='ltr'><strong>incasit,</strong></span> <span class='ocrx_word' id='word_1_55' title='bbox 916 1147 957 1210; x_wconf 76' lang='lat' dir='ltr'><strong>qui</strong></span> <span class='ocrx_word' id='word_1_56' title='bbox 976 1154 1089 1211; x_wconf 69' lang='lat' dir='ltr'><strong>qondam</strong></span> <span class='ocrx_word' id='word_1_57' title='bbox 1101 1148 1194 1209; x_wconf 78' lang='lat' dir='ltr'><strong>soeaore</strong></span> <span class='ocrx_word' id='word_1_58' title='bbox 1206 1148 1340 1211; x_wconf 69' lang='lat' dir='ltr'><strong>faciebant,</strong></span> 
     </span>
     <span class='ocr_line' id='line_1_8' title="bbox 234 1210 1374 1276; baseline 0.002 -18"><span class='ocrx_word' id='word_1_59' title='bbox 234 1213 316 1259; x_wconf 79' lang='lat' dir='ltr'><strong>contro</strong></span> <span class='ocrx_word' id='word_1_60' title='bbox 326 1212 400 1271; x_wconf 79' lang='lat' dir='ltr'><strong>legens</strong></span> <span class='ocrx_word' id='word_1_61' title='bbox 410 1211 470 1260; x_wconf 82' lang='lat' dir='ltr'><strong>Diri</strong></span> <span class='ocrx_word' id='word_1_62' title='bbox 479 1211 558 1270; x_wconf 69' lang='lat' dir='ltr'><strong>satit,</strong></span> <span class='ocrx_word' id='word_1_63' title='bbox 565 1225 612 1273; x_wconf 77' lang='lat' dir='ltr'><strong>quo</strong></span> <span class='ocrx_word' id='word_1_64' title='bbox 621 1210 783 1273; x_wconf 72' lang='lat' dir='ltr'><strong>praesnibitur</strong></span> <span class='ocrx_word' id='word_1_65' title='bbox 792 1210 826 1259; x_wconf 87' lang='lat' dir='ltr'><strong>de</strong></span> <span class='ocrx_word' id='word_1_66' title='bbox 838 1213 938 1261; x_wconf 86' lang='lat' dir='ltr'><strong>ratione</strong></span> <span class='ocrx_word' id='word_1_67' title='bbox 951 1219 1039 1261; x_wconf 82' lang='lat' dir='ltr'><strong>mutuo</strong></span> <span class='ocrx_word' id='word_1_68' title='bbox 1051 1214 1128 1262; x_wconf 85' lang='lat' dir='ltr'><strong>dandi</strong></span> <span class='ocrx_word' id='word_1_69' title='bbox 1138 1213 1339 1276; x_wconf 78' lang='lat' dir='ltr'><strong>possidendique</strong></span> <span class='ocrx_word' id='word_1_70' title='bbox 1371 1215 1374 1220; x_wconf 60' lang='lat'><strong>⁴</strong></span> 
     </span>
     <span class='ocr_line' id='line_1_9' title="bbox 234 1272 1372 1342; baseline 0.005 -19"><span class='ocrx_word' id='word_1_71' title='bbox 234 1272 306 1323; x_wconf 81' lang='lat' dir='ltr'><strong>intra</strong></span> <span class='ocrx_word' id='word_1_72' title='bbox 317 1275 419 1323; x_wconf 88' lang='lat' dir='ltr'><strong>ltaliam</strong></span> <span class='ocrx_word' id='word_1_73' title='bbox 430 1292 438 1334; x_wconf 89' lang='lat'><strong>;</strong></span> <span class='ocrx_word' id='word_1_74' title='bbox 454 1291 506 1338; x_wconf 78' lang='lat' dir='ltr'><strong>pura</strong></span> <span class='ocrx_word' id='word_1_75' title='bbox 514 1277 554 1324; x_wconf 76' lang='lat' dir='ltr'><strong>lex</strong></span> <span class='ocrx_word' id='word_1_76' title='bbox 563 1276 669 1337; x_wconf 79' lang='lat' dir='ltr'><strong>neglecto</strong></span> <span class='ocrx_word' id='word_1_77' title='bbox 680 1276 735 1335; x_wconf 70' lang='lat' dir='ltr'><strong>ism</strong></span> <span class='ocrx_word' id='word_1_78' title='bbox 744 1275 810 1336; x_wconf 77' lang='lat' dir='ltr'><strong>otim,</strong></span> <span class='ocrx_word' id='word_1_79' title='bbox 820 1277 877 1338; x_wconf 74' lang='lat' dir='ltr'><strong>gaio</strong></span> <span class='ocrx_word' id='word_1_80' title='bbox 894 1277 951 1325; x_wconf 83' lang='lat' dir='ltr'><strong>bono</strong></span> <span class='ocrx_word' id='word_1_81' title='bbox 965 1275 1058 1342; x_wconf 71' lang='lat' dir='ltr'><strong>publico</strong></span> <span class='ocrx_word' id='word_1_82' title='bbox 1065 1279 1160 1342; x_wconf 73' lang='lat' dir='ltr'><strong>priests</strong></span> <span class='ocrx_word' id='word_1_83' title='bbox 1170 1279 1265 1328; x_wconf 74' lang='lat' dir='ltr'><strong>utilitas</strong></span> <span class='ocrx_word' id='word_1_84' title='bbox 1274 1283 1340 1337; x_wconf 72' lang='lat' dir='ltr'><strong>oste·</strong></span> <span class='ocrx_word' id='word_1_85' title='bbox 1368 1317 1372 1322; x_wconf 81' lang='lat'>.</span> 
     </span>
     <span class='ocr_line' id='line_1_10' title="bbox 232 1338 1339 1405; baseline 0.003 -17"><span class='ocrx_word' id='word_1_86' title='bbox 232 1339 337 1402; x_wconf 76' lang='lat' dir='ltr'><strong>positor.</strong></span> <span class='ocrx_word' id='word_1_87' title='bbox 361 1339 441 1389; x_wconf 57' lang='lat' dir='ltr'><strong>‘Certe</strong></span> <span class='ocrx_word' id='word_1_88' title='bbox 457 1345 550 1396; x_wconf 74' lang='lat' dir='ltr'><strong>retorto</strong></span> <span class='ocrx_word' id='word_1_89' title='bbox 566 1340 662 1389; x_wconf 77' lang='lat' dir='ltr'><strong>ciritmi</strong></span> <span class='ocrx_word' id='word_1_90' title='bbox 678 1341 729 1389; x_wconf 78' lang='lat' dir='ltr'><strong>lues</strong></span> <span class='ocrx_word' id='word_1_91' title='bbox 739 1338 794 1400; x_wconf 83' lang='lat' dir='ltr'><strong>snit</strong></span> <span class='ocrx_word' id='word_1_92' title='bbox 806 1355 886 1404; x_wconf 81' lang='lat' dir='ltr'><strong>usuro,</strong></span> <span class='ocrx_word' id='word_1_93' title='bbox 897 1346 921 1391; x_wconf 79' lang='lat' dir='ltr'><strong>et</strong></span> <span class='ocrx_word' id='word_1_94' title='bbox 939 1341 1066 1405; x_wconf 66' lang='lat' dir='ltr'><strong>munnae</strong></span> <span class='ocrx_word' id='word_1_95' title='bbox 1082 1357 1154 1393; x_wconf 79' lang='lat' dir='ltr'><strong>causo</strong></span> <span class='ocrx_word' id='word_1_96' title='bbox 1166 1343 1339 1394; x_wconf 74' lang='lat' dir='ltr'><strong>discordiarum</strong></span> 
     </span>
    </p>
   </div>
   <div class='ocr_carea' id='block_1_4' title="bbox 683 1470 840 1519">
    <p class='ocr_par' dir='ltr' id='par_1_4' title="bbox 683 1470 840 1519">
     <span class='ocr_line' id='line_1_11' title="bbox 683 1470 840 1519; baseline 0 0"><span class='ocrx_word' id='word_1_97' title='bbox 683 1507 685 1510; x_wconf 86' lang='lat'>-</span> <span class='ocrx_word' id='word_1_98' title='bbox 735 1470 840 1519; x_wconf 81' lang='lat' dir='ltr'><strong>NOTAE</strong></span> 
     </span>
    </p>
   </div>
   <div class='ocr_carea' id='block_1_5' title="bbox 230 1581 1407 4319">
    <p class='ocr_par' dir='ltr' id='par_1_5' title="bbox 230 1581 1407 4319">
     <span class='ocr_line' id='line_1_12' title="bbox 234 1581 1336 1649; baseline 0.005 -19"><span class='ocrx_word' id='word_1_99' title='bbox 234 1581 383 1632; x_wconf 85' lang='lat' dir='ltr'><strong>dissimilem</strong></span> <span class='ocrx_word' id='word_1_100' title='bbox 394 1598 480 1633; x_wconf 83' lang='lat' dir='ltr'><strong>casoto</strong></span> <span class='ocrx_word' id='word_1_101' title='bbox 496 1584 666 1649; x_wconf 85' lang='lat' dir='ltr'><strong>requirentia,</strong></span> <span class='ocrx_word' id='word_1_102' title='bbox 678 1589 765 1633; x_wconf 85' lang='lat' dir='ltr'><strong>tamen</strong></span> <span class='ocrx_word' id='word_1_103' title='bbox 804 1583 946 1635; x_wconf 72' lang='lat' dir='ltr'><strong>inhonestae</strong></span> <span class='ocrx_word' id='word_1_104' title='bbox 974 1586 1133 1649; x_wconf 87' lang='lat' dir='ltr'><strong>cupiditates</strong></span> <span class='ocrx_word' id='word_1_105' title='bbox 1173 1585 1336 1636; x_wconf 63' lang='lat' dir='ltr'><strong>delerentur</strong></span> 
     </span>
     <span class='ocr_line' id='line_1_13' title="bbox 233 1659 1338 1726; baseline 0 -17"><span class='ocrx_word' id='word_1_106' title='bbox 233 1659 371 1710; x_wconf 84' lang='lat' dir='ltr'><strong>brevitatis</strong></span> <span class='ocrx_word' id='word_1_107' title='bbox 382 1676 460 1709; x_wconf 81' lang='lat' dir='ltr'><strong>cansa</strong></span> <span class='ocrx_word' id='word_1_108' title='bbox 469 1662 573 1711; x_wconf 73' lang='lat' dir='ltr'><strong>tacitus</strong></span> <span class='ocrx_word' id='word_1_109' title='bbox 583 1661 615 1710; x_wconf 90' lang='lat' dir='ltr'><strong>ad</strong></span> <span class='ocrx_word' id='word_1_110' title='bbox 626 1677 701 1710; x_wconf 82' lang='lat' dir='ltr'><strong>ununr</strong></span> <span class='ocrx_word' id='word_1_111' title='bbox 710 1670 766 1710; x_wconf 87' lang='lat' dir='ltr'><strong>tan·</strong></span> <span class='ocrx_word' id='word_1_112' title='bbox 806 1661 891 1722; x_wconf 85' lang='lat' dir='ltr'><strong>potius</strong></span> <span class='ocrx_word' id='word_1_113' title='bbox 911 1677 986 1725; x_wconf 85' lang='lat' dir='ltr'><strong>quarn</strong></span> <span class='ocrx_word' id='word_1_114' title='bbox 1003 1663 1174 1726; x_wconf 75' lang='lat' dir='ltr'><strong>expleantur:</strong></span> <span class='ocrx_word' id='word_1_115' title='bbox 1197 1662 1230 1711; x_wconf 89' lang='lat' dir='ltr'><strong>ob</strong></span> <span class='ocrx_word' id='word_1_116' title='bbox 1252 1662 1297 1710; x_wconf 88' lang='lat' dir='ltr'><strong>bas</strong></span> <span class='ocrx_word' id='word_1_117' title='bbox 1309 1668 1338 1709; x_wconf 90' lang='lat' dir='ltr'><strong>et</strong></span> 
     </span>
     <span class='ocr_line' id='line_1_14' title="bbox 234 1730 1338 1802; baseline 0.004 -19"><span class='ocrx_word' id='word_1_118' title='bbox 234 1730 290 1802; x_wconf 80' lang='lat' dir='ltr'><strong>tnrr&#39;r</strong></span> <span class='ocrx_word' id='word_1_119' title='bbox 301 1735 385 1785; x_wconf 85' lang='lat' dir='ltr'><strong>refert</strong></span> <span class='ocrx_word' id='word_1_120' title='bbox 403 1752 476 1785; x_wconf 87' lang='lat' dir='ltr'><strong>suom</strong></span> <span class='ocrx_word' id='word_1_121' title='bbox 496 1752 593 1788; x_wconf 84' lang='lat' dir='ltr'><strong>casum.</strong></span> <span class='ocrx_word' id='word_1_122' title='bbox 621 1738 666 1787; x_wconf 90' lang='lat' dir='ltr'><strong>Sic</strong></span> <span class='ocrx_word' id='word_1_123' title='bbox 687 1738 766 1799; x_wconf 76' lang='lat' dir='ltr'><strong>igitur</strong></span> <span class='ocrx_word' id='word_1_124' title='bbox 803 1738 898 1787; x_wconf 81' lang='lat' dir='ltr'><strong>bonnm</strong></span> <span class='ocrx_word' id='word_1_125' title='bbox 909 1740 1003 1788; x_wconf 85' lang='lat' dir='ltr'><strong>similes</strong></span> <span class='ocrx_word' id='word_1_126' title='bbox 1019 1754 1110 1788; x_wconf 86' lang='lat' dir='ltr'><strong>causas</strong></span> <span class='ocrx_word' id='word_1_127' title='bbox 1133 1733 1338 1800; x_wconf 72' lang='lat' dir='ltr'><strong>argentarionrnr</strong></span> 
     </span>
     <span class='ocr_line' id='line_1_15' title="bbox 233 1809 1383 1879; baseline 0.001 -19"><span class='ocrx_word' id='word_1_128' title='bbox 233 1809 351 1875; x_wconf 76' lang='lat' dir='ltr'><strong>intellige</strong></span> <span class='ocrx_word' id='word_1_129' title='bbox 366 1813 485 1861; x_wconf 78' lang='lat' dir='ltr'><strong>declinans</strong></span> <span class='ocrx_word' id='word_1_130' title='bbox 496 1815 600 1879; x_wconf 82' lang='lat' dir='ltr'><strong>patriam</strong></span> <span class='ocrx_word' id='word_1_131' title='bbox 612 1819 636 1863; x_wconf 80' lang='lat' dir='ltr'><strong>et</strong></span> <span class='ocrx_word' id='word_1_132' title='bbox 646 1814 766 1875; x_wconf 52' lang='lat' dir='ltr'><strong>antaeus</strong></span> <span class='ocrx_word' id='word_1_133' title='bbox 806 1814 902 1863; x_wconf 70' lang='lat' dir='ltr'><strong>tabulae</strong></span> <span class='ocrx_word' id='word_1_134' title='bbox 911 1815 1061 1878; x_wconf 82' lang='lat' dir='ltr'><strong>implentur,</strong></span> <span class='ocrx_word' id='word_1_135' title='bbox 1067 1818 1116 1863; x_wconf 77' lang='lat' dir='ltr'><strong>&amp;c</strong></span> <span class='ocrx_word' id='word_1_136' title='bbox 1132 1815 1158 1863; x_wconf 82' lang='lat' dir='ltr'><strong>Si</strong></span> <span class='ocrx_word' id='word_1_137' title='bbox 1169 1816 1254 1877; x_wconf 86' lang='lat' dir='ltr'><strong>plores</strong></span> <span class='ocrx_word' id='word_1_138' title='bbox 1263 1814 1338 1863; x_wconf 86' lang='lat' dir='ltr'><strong>unius</strong></span> <span class='ocrx_word' id='word_1_139' title='bbox 1377 1829 1383 1840; x_wconf 88' lang='grc'><em>·</em></span> 
     </span>
     <span class='ocr_line' id='line_1_16' title="bbox 234 1888 1344 1958; baseline 0 -22"><span class='ocrx_word' id='word_1_140' title='bbox 234 1888 310 1937; x_wconf 82' lang='lat' dir='ltr'><strong>drea.</strong></span> <span class='ocrx_word' id='word_1_141' title='bbox 806 1892 948 1939; x_wconf 80' lang='lat' dir='ltr'><strong>creditores</strong></span> <span class='ocrx_word' id='word_1_142' title='bbox 958 1890 1096 1953; x_wconf 85' lang='lat' dir='ltr'><strong>erant,qui</strong></span> <span class='ocrx_word' id='word_1_143' title='bbox 1108 1889 1231 1958; x_wconf 80' lang='lat' dir='ltr'><strong>solvendo</strong></span> <span class='ocrx_word' id='word_1_144' title='bbox 1240 1904 1291 1938; x_wconf 88' lang='lat' dir='ltr'><strong>non</strong></span> <span class='ocrx_word' id='word_1_145' title='bbox 1301 1904 1344 1936; x_wconf 83' lang='lat' dir='ltr'><strong>es-</strong></span> 
     </span>
     <span class='ocr_line' id='line_1_17' title="bbox 266 1964 1383 2033; baseline 0.001 -21"><span class='ocrx_word' id='word_1_146' title='bbox 266 1964 407 2027; x_wconf 76' lang='lat' dir='ltr'><strong>Ambigear]</strong></span> <span class='ocrx_word' id='word_1_147' title='bbox 444 1965 574 2017; x_wconf 84' lang='lat' dir='ltr'><strong>Dubitans</strong></span> <span class='ocrx_word' id='word_1_148' title='bbox 597 1983 629 2017; x_wconf 90' lang='lat' dir='ltr'><strong>au</strong></span> <span class='ocrx_word' id='word_1_149' title='bbox 649 1968 766 2031; x_wconf 85' lang='lat' dir='ltr'><strong>intraret,</strong></span> <span class='ocrx_word' id='word_1_150' title='bbox 806 1973 855 2028; x_wconf 87' lang='lat' dir='ltr'><strong>set,</strong></span> <span class='ocrx_word' id='word_1_151' title='bbox 866 1966 962 2015; x_wconf 82' lang='lat' dir='ltr'><strong>licebat</strong></span> <span class='ocrx_word' id='word_1_152' title='bbox 974 1967 1010 2013; x_wconf 86' lang='lat' dir='ltr'><strong>eis</strong></span> <span class='ocrx_word' id='word_1_153' title='bbox 1027 1977 1121 2029; x_wconf 87' lang='lat' dir='ltr'><strong>corpus</strong></span> <span class='ocrx_word' id='word_1_154' title='bbox 1133 1965 1187 2029; x_wconf 88' lang='lat' dir='ltr'><strong>ejus</strong></span> <span class='ocrx_word' id='word_1_155' title='bbox 1198 1966 1338 2023; x_wconf 84' lang='lat' dir='ltr'><strong>dissecare,</strong></span> <span class='ocrx_word' id='word_1_156' title='bbox 1378 2017 1383 2033; x_wconf 53' lang='grc'><strong>,</strong></span> 
     </span>
     <span class='ocr_line' id='line_1_18' title="bbox 234 2039 1381 2109; baseline 0.001 -20"><span class='ocrx_word' id='word_1_157' title='bbox 234 2039 412 2109; x_wconf 84' lang='lat' dir='ltr'><strong>aut‘dnbitare</strong></span> <span class='ocrx_word' id='word_1_158' title='bbox 427 2041 592 2107; x_wconf 85' lang='lat' dir='ltr'><strong>fingens,aut</strong></span> <span class='ocrx_word' id='word_1_159' title='bbox 603 2060 630 2094; x_wconf 88' lang='lat' dir='ltr'><strong>se</strong></span> <span class='ocrx_word' id='word_1_160' title='bbox 647 2045 719 2095; x_wconf 82' lang='lat' dir='ltr'><strong>velut</strong></span> <span class='ocrx_word' id='word_1_161' title='bbox 727 2046 766 2094; x_wconf 92' lang='lat' dir='ltr'><strong>in·</strong></span> <span class='ocrx_word' id='word_1_162' title='bbox 806 2051 834 2092; x_wconf 83' lang='lat' dir='ltr'><strong>et</strong></span> <span class='ocrx_word' id='word_1_163' title='bbox 846 2044 915 2093; x_wconf 89' lang='lat' dir='ltr'><strong>inter</strong></span> <span class='ocrx_word' id='word_1_164' title='bbox 926 2043 1064 2106; x_wconf 80' lang='lat' dir='ltr'><strong>repartiri.</strong></span> <span class='ocrx_word' id='word_1_165' title='bbox 1092 2042 1156 2093; x_wconf 82' lang='lat' dir='ltr'><strong>Quos</strong></span> <span class='ocrx_word' id='word_1_166' title='bbox 1170 2049 1222 2091; x_wconf 84' lang='lat' dir='ltr'><strong>taor</strong></span> <span class='ocrx_word' id='word_1_167' title='bbox 1233 2042 1340 2094; x_wconf 81' lang='lat' dir='ltr'><strong>linrron-</strong></span> <span class='ocrx_word' id='word_1_168' title='bbox 1377 2092 1381 2103; x_wconf 35' lang='lat'>⁸</span> 
     </span>
     <span class='ocr_line' id='line_1_19' title="bbox 234 2112 1338 2185; baseline -0.001 -17"><span class='ocrx_word' id='word_1_169' title='bbox 234 2121 364 2168; x_wconf 72' lang='lat' dir='ltr'><strong>tutorum</strong></span> <span class='ocrx_word' id='word_1_170' title='bbox 376 2117 505 2169; x_wconf 82' lang='lat' dir='ltr'><strong>simulans.</strong></span> <span class='ocrx_word' id='word_1_171' title='bbox 586 2127 590 2134; x_wconf 84' lang='lat'>&#39;</span> <span class='ocrx_word' id='word_1_172' title='bbox 807 2120 961 2185; x_wconf 86' lang='lat' dir='ltr'><strong>datamque</strong></span> <span class='ocrx_word' id='word_1_173' title='bbox 979 2120 1086 2181; x_wconf 85' lang='lat' dir='ltr'><strong>atrocia,</strong></span> <span class='ocrx_word' id='word_1_174' title='bbox 1106 2114 1164 2182; x_wconf 80' lang='lat' dir='ltr'><strong>lege</strong></span> <span class='ocrx_word' id='word_1_175' title='bbox 1186 2112 1338 2167; x_wconf 79' lang='lat' dir='ltr'><strong>nominatim</strong></span> 
     </span>
     <span class='ocr_line' id='line_1_20' title="bbox 266 2191 1339 2259; baseline -0.001 -16"><span class='ocrx_word' id='word_1_176' title='bbox 266 2191 273 2226; x_wconf 90' lang='lat'><strong>¹</strong></span> <span class='ocrx_word' id='word_1_177' title='bbox 285 2194 555 2259; x_wconf 78' lang='lat' dir='ltr'><strong>Qnipecrmr&#39;nssaenore]</strong></span> <span class='ocrx_word' id='word_1_178' title='bbox 567 2198 643 2247; x_wconf 89' lang='lat' dir='ltr'><strong>Plato</strong></span> <span class='ocrx_word' id='word_1_179' title='bbox 651 2198 694 2247; x_wconf 90' lang='lat' dir='ltr'><strong>lib.</strong></span> <span class='ocrx_word' id='word_1_180' title='bbox 703 2209 765 2247; x_wconf 72' lang='lat' dir='ltr'><strong>vrn&#39;.</strong></span> <span class='ocrx_word' id='word_1_181' title='bbox 806 2197 930 2258; x_wconf 86' lang='lat' dir='ltr'><strong>permissa</strong></span> <span class='ocrx_word' id='word_1_182' title='bbox 942 2204 1067 2255; x_wconf 84' lang='lat' dir='ltr'><strong>er·ant‚.ut</strong></span> <span class='ocrx_word' id='word_1_183' title='bbox 1078 2194 1244 2243; x_wconf 79' lang='lat' dir='ltr'><strong>deterrerent</strong></span> <span class='ocrx_word' id='word_1_184' title='bbox 1258 2194 1339 2243; x_wconf 88' lang='lat' dir='ltr'><strong>homi·</strong></span> 
     </span>
     <span class='ocr_line' id='line_1_21' title="bbox 232 2269 1341 2340; baseline 0.003 -21"><span class='ocrx_word' id='word_1_185' title='bbox 232 2269 266 2319; x_wconf 83' lang='lat' dir='ltr'><strong>de</strong></span> <span class='ocrx_word' id='word_1_186' title='bbox 277 2269 443 2333; x_wconf 86' lang='lat' dir='ltr'><strong>legibus,non</strong></span> <span class='ocrx_word' id='word_1_187' title='bbox 453 2279 552 2332; x_wconf 83' lang='lat' dir='ltr'><strong>censet,</strong></span> <span class='ocrx_word' id='word_1_188' title='bbox 563 2273 765 2340; x_wconf 82' lang='lat' dir='ltr'><strong>pennittendum</strong></span> <span class='ocrx_word' id='word_1_189' title='bbox 805 2288 853 2321; x_wconf 90' lang='lat' dir='ltr'><strong>nes</strong></span> <span class='ocrx_word' id='word_1_190' title='bbox 860 2272 893 2322; x_wconf 88' lang='lat' dir='ltr'><strong>ab</strong></span> <span class='ocrx_word' id='word_1_191' title='bbox 904 2287 956 2322; x_wconf 73' lang='lat' dir='ltr'><strong>nra</strong></span> <span class='ocrx_word' id='word_1_192' title='bbox 966 2272 1050 2321; x_wconf 91' lang='lat' dir='ltr'><strong>alieno</strong></span> <span class='ocrx_word' id='word_1_193' title='bbox 1060 2271 1243 2320; x_wconf 87' lang='lat' dir='ltr'><strong>contrahendo.</strong></span> <span class='ocrx_word' id='word_1_194' title='bbox 1260 2270 1341 2322; x_wconf 77' lang='lat' dir='ltr'><strong>Solia.</strong></span> 
     </span>
     <span class='ocr_line' id='line_1_22' title="bbox 234 2347 1342 2415; baseline -0.002 -18"><span class='ocrx_word' id='word_1_195' title='bbox 234 2361 269 2397; x_wconf 79' lang='lat' dir='ltr'><strong>ex</strong></span> <span class='ocrx_word' id='word_1_196' title='bbox 278 2353 359 2412; x_wconf 88' lang='lat' dir='ltr'><strong>puteo</strong></span> <span class='ocrx_word' id='word_1_197' title='bbox 375 2348 453 2397; x_wconf 86' lang='lat' dir='ltr'><strong>vicini</strong></span> <span class='ocrx_word' id='word_1_198' title='bbox 464 2364 555 2413; x_wconf 84' lang='lat' dir='ltr'><strong>aquarn</strong></span> <span class='ocrx_word' id='word_1_199' title='bbox 575 2350 607 2398; x_wconf 81' lang='lat' dir='ltr'><strong>od</strong></span> <span class='ocrx_word' id='word_1_200' title='bbox 619 2365 691 2398; x_wconf 88' lang='lat' dir='ltr'><strong>nsum</strong></span> <span class='ocrx_word' id='word_1_201' title='bbox 704 2365 765 2415; x_wconf 87' lang='lat' dir='ltr'><strong>qno·</strong></span> <span class='ocrx_word' id='word_1_202' title='bbox 837 2348 988 2415; x_wconf 76' lang='lat' dir='ltr'><strong>lAdsersrnn</strong></span> <span class='ocrx_word' id='word_1_203' title='bbox 996 2350 1071 2409; x_wconf 78' lang='lat' dir='ltr'><strong>legera</strong></span> <span class='ocrx_word' id='word_1_204' title='bbox 1080 2347 1215 2397; x_wconf 81' lang='lat' dir='ltr'><strong>Dictatoris</strong></span> <span class='ocrx_word' id='word_1_205' title='bbox 1225 2347 1342 2409; x_wconf 81' lang='lat' dir='ltr'><strong>Coesoris]</strong></span> 
     </span>
     <span class='ocr_line' id='line_1_23' title="bbox 233 2422 1382 2490; baseline 0.002 -19"><span class='ocrx_word' id='word_1_206' title='bbox 233 2422 358 2476; x_wconf 83' lang='lat' dir='ltr'><strong>tidiannm</strong></span> <span class='ocrx_word' id='word_1_207' title='bbox 375 2438 486 2487; x_wconf 71' lang='lat' dir='ltr'><strong>statuere,</strong></span> <span class='ocrx_word' id='word_1_208' title='bbox 508 2425 556 2474; x_wconf 86' lang='lat' dir='ltr'><strong>nisi</strong></span> <span class='ocrx_word' id='word_1_209' title='bbox 573 2425 612 2475; x_wconf 91' lang='lat' dir='ltr'><strong>illi</strong></span> <span class='ocrx_word' id='word_1_210' title='bbox 632 2427 677 2490; x_wconf 88' lang='lat' dir='ltr'><strong>qui</strong></span> <span class='ocrx_word' id='word_1_211' title='bbox 694 2426 765 2488; x_wconf 89' lang='lat' dir='ltr'><strong>prius</strong></span> <span class='ocrx_word' id='word_1_212' title='bbox 805 2426 929 2489; x_wconf 85' lang='lat' dir='ltr'><strong>Suggerit</strong></span> <span class='ocrx_word' id='word_1_213' title='bbox 945 2440 1002 2474; x_wconf 89' lang='lat' dir='ltr'><strong>eam</strong></span> <span class='ocrx_word' id='word_1_214' title='bbox 1029 2427 1112 2487; x_wconf 82' lang='lat' dir='ltr'><strong>legem</strong></span> <span class='ocrx_word' id='word_1_215' title='bbox 1141 2432 1241 2488; x_wconf 84' lang='lat' dir='ltr'><strong>aperte,</strong></span> <span class='ocrx_word' id='word_1_216' title='bbox 1269 2424 1342 2487; x_wconf 88' lang='lat' dir='ltr'><strong>qood</strong></span> <span class='ocrx_word' id='word_1_217' title='bbox 1377 2447 1382 2455; x_wconf 84' lang='lat'><strong>·</strong></span> 
     </span>
     <span class='ocr_line' id='line_1_24' title="bbox 235 2499 1385 2566; baseline 0.001 -17"><span class='ocrx_word' id='word_1_218' title='bbox 235 2500 330 2549; x_wconf 85' lang='lat' dir='ltr'><strong>insola</strong></span> <span class='ocrx_word' id='word_1_219' title='bbox 342 2515 388 2548; x_wconf 87' lang='lat' dir='ltr'><strong>sno</strong></span> <span class='ocrx_word' id='word_1_220' title='bbox 400 2500 498 2551; x_wconf 84' lang='lat' dir='ltr'><strong>foderit</strong></span> <span class='ocrx_word' id='word_1_221' title='bbox 514 2517 639 2566; x_wconf 86' lang='lat' dir='ltr'><strong>usqneeo</strong></span> <span class='ocrx_word' id='word_1_222' title='bbox 660 2502 765 2551; x_wconf 83' lang='lat' dir='ltr'><strong>duniad</strong></span> <span class='ocrx_word' id='word_1_223' title='bbox 806 2503 974 2565; x_wconf 85' lang='lat' dir='ltr'><strong>scianr‚solus</strong></span> <span class='ocrx_word' id='word_1_224' title='bbox 994 2502 1045 2550; x_wconf 90' lang='lat' dir='ltr'><strong>Dio</strong></span> <span class='ocrx_word' id='word_1_225' title='bbox 1064 2501 1176 2552; x_wconf 65' lang='lat' dir='ltr'><strong>lib-xu.</strong></span> <span class='ocrx_word' id='word_1_226' title='bbox 1208 2499 1342 2564; x_wconf 78' lang='lat' dir='ltr'><strong>‘thuo-</strong></span> <span class='ocrx_word' id='word_1_227' title='bbox 1380 2509 1385 2518; x_wconf 90' lang='lat'>&#39;</span> 
     </span>
     <span class='ocr_line' id='line_1_25' title="bbox 233 2576 1342 2643; baseline 0.004 -19"><span class='ocrx_word' id='word_1_228' title='bbox 233 2576 350 2639; x_wconf 77' lang='lat' dir='ltr'><strong>argillam</strong></span> <span class='ocrx_word' id='word_1_229' title='bbox 370 2578 528 2639; x_wconf 85' lang='lat' dir='ltr'><strong>pervenerit.</strong></span> <span class='ocrx_word' id='word_1_230' title='bbox 562 2579 621 2628; x_wconf 86' lang='lat' dir='ltr'><strong>Hoc</strong></span> <span class='ocrx_word' id='word_1_231' title='bbox 638 2579 706 2628; x_wconf 87' lang='lat' dir='ltr'><strong>enim</strong></span> <span class='ocrx_word' id='word_1_232' title='bbox 725 2593 765 2626; x_wconf 84' lang='lat' dir='ltr'><strong>ar-</strong></span> <span class='ocrx_word' id='word_1_233' title='bbox 806 2579 873 2638; x_wconf 80' lang='lat' dir='ltr'><strong>nlsm</strong></span> <span class='ocrx_word' id='word_1_234' title='bbox 895 2579 1041 2640; x_wconf 86' lang='lat' dir='ltr'><strong>complores</strong></span> <span class='ocrx_word' id='word_1_235' title='bbox 1066 2579 1202 2643; x_wconf 87' lang='lat' dir='ltr'><strong>pecuniam</strong></span> <span class='ocrx_word' id='word_1_236' title='bbox 1231 2577 1342 2628; x_wconf 87' lang='lat' dir='ltr'><strong>multam</strong></span> 
     </span>
     <span class='ocr_line' id='line_1_26' title="bbox 233 2653 1343 2719; baseline 0.002 -19"><span class='ocrx_word' id='word_1_237' title='bbox 233 2658 355 2715; x_wconf 87' lang='lat' dir='ltr'><strong>gumento</strong></span> <span class='ocrx_word' id='word_1_238' title='bbox 384 2658 493 2703; x_wconf 87' lang='lat' dir='ltr'><strong>utuntur</strong></span> <span class='ocrx_word' id='word_1_239' title='bbox 514 2654 651 2719; x_wconf 78' lang='lat' dir='ltr'><strong>aquileges,</strong></span> <span class='ocrx_word' id='word_1_240' title='bbox 673 2667 765 2718; x_wconf 85' lang='lat' dir='ltr'><strong>aquam</strong></span> <span class='ocrx_word' id='word_1_241' title='bbox 806 2653 902 2703; x_wconf 88' lang='lat' dir='ltr'><strong>babere</strong></span> <span class='ocrx_word' id='word_1_242' title='bbox 910 2661 938 2704; x_wconf 91' lang='lat' dir='ltr'><strong>et</strong></span> <span class='ocrx_word' id='word_1_243' title='bbox 946 2656 1076 2704; x_wconf 87' lang='lat' dir='ltr'><strong>occultare</strong></span> <span class='ocrx_word' id='word_1_244' title='bbox 1090 2654 1253 2716; x_wconf 83' lang='lat' dir='ltr'><strong>dicebantur,</strong></span> <span class='ocrx_word' id='word_1_245' title='bbox 1263 2653 1343 2702; x_wconf 82' lang='lat' dir='ltr'><strong>edix-</strong></span> 
     </span>
     <span class='ocr_line' id='line_1_27' title="bbox 236 2727 1343 2796; baseline 0.004 -20"><span class='ocrx_word' id='word_1_246' title='bbox 236 2727 346 2776; x_wconf 85' lang='lat' dir='ltr'><strong>inveniri</strong></span> <span class='ocrx_word' id='word_1_247' title='bbox 358 2743 409 2776; x_wconf 91' lang='lat' dir='ltr'><strong>non</strong></span> <span class='ocrx_word' id='word_1_248' title='bbox 421 2744 506 2792; x_wconf 84' lang='lat' dir='ltr'><strong>posse.</strong></span> <span class='ocrx_word' id='word_1_249' title='bbox 805 2732 871 2781; x_wconf 86' lang='lat' dir='ltr'><strong>itae</strong></span> <span class='ocrx_word' id='word_1_250' title='bbox 883 2732 941 2796; x_wconf 80' lang='lat' dir='ltr'><strong>goia</strong></span> <span class='ocrx_word' id='word_1_251' title='bbox 951 2732 978 2780; x_wconf 92' lang='lat' dir='ltr'><strong>in</strong></span> <span class='ocrx_word' id='word_1_252' title='bbox 993 2738 1102 2794; x_wconf 83' lang='lat' dir='ltr'><strong>argento</strong></span> <span class='ocrx_word' id='word_1_253' title='bbox 1117 2745 1211 2779; x_wconf 83' lang='lat' dir='ltr'><strong>aurove</strong></span> <span class='ocrx_word' id='word_1_254' title='bbox 1227 2729 1343 2792; x_wconf 77' lang='lat' dir='ltr'><strong>ampliss</strong></span> 
     </span>
     <span class='ocr_line' id='line_1_28' title="bbox 266 2802 1344 2873; baseline 0.005 -22"><span class='ocrx_word' id='word_1_255' title='bbox 266 2802 372 2872; x_wconf 81' lang='lat' dir='ltr'><strong>Itanon</strong></span> <span class='ocrx_word' id='word_1_256' title='bbox 389 2819 446 2854; x_wconf 83' lang='lat' dir='ltr'><strong>esse</strong></span> <span class='ocrx_word' id='word_1_257' title='bbox 466 2806 766 2868; x_wconf 63' lang='lat' dir='ltr'><strong>permittendumpecu-</strong></span> <span class='ocrx_word' id='word_1_258' title='bbox 806 2808 1041 2873; x_wconf 72' lang='lat' dir='ltr'><strong>possideretqnanr</strong></span> <span class='ocrx_word' id='word_1_259' title='bbox 1052 2812 1093 2857; x_wconf 81' lang='lat' dir='ltr'><strong>dd.</strong></span> <span class='ocrx_word' id='word_1_260' title='bbox 1106 2807 1244 2857; x_wconf 87' lang='lat' dir='ltr'><strong>sestertia.’</strong></span> <span class='ocrx_word' id='word_1_261' title='bbox 1271 2810 1344 2856; x_wconf 77' lang='lat' dir='ltr'><strong>Sunt</strong></span> 
     </span>
     <span class='ocr_line' id='line_1_29' title="bbox 234 2880 1289 2954; baseline 0.002 -25"><span class='ocrx_word' id='word_1_262' title='bbox 234 2880 302 2942; x_wconf 78' lang='lat' dir='ltr'><strong>niam</strong></span> <span class='ocrx_word' id='word_1_263' title='bbox 314 2880 347 2929; x_wconf 90' lang='lat' dir='ltr'><strong>ab</strong></span> <span class='ocrx_word' id='word_1_264' title='bbox 359 2880 410 2928; x_wconf 85' lang='lat' dir='ltr'><strong>alio</strong></span> <span class='ocrx_word' id='word_1_265' title='bbox 428 2881 552 2930; x_wconf 88' lang='lat' dir='ltr'><strong>utendam</strong></span> <span class='ocrx_word' id='word_1_266' title='bbox 568 2889 670 2944; x_wconf 77' lang='lat' dir='ltr'><strong>petere,</strong></span> <span class='ocrx_word' id='word_1_267' title='bbox 681 2882 729 2931; x_wconf 86' lang='lat' dir='ltr'><strong>nisi</strong></span> <span class='ocrx_word' id='word_1_268' title='bbox 741 2882 766 2931; x_wconf 91' lang='lat' dir='ltr'><strong>ei</strong></span> <span class='ocrx_word' id='word_1_269' title='bbox 805 2884 875 2933; x_wconf 86' lang='lat' dir='ltr'><strong>mille</strong></span> <span class='ocrx_word' id='word_1_270' title='bbox 886 2891 914 2932; x_wconf 91' lang='lat' dir='ltr'><strong>et</strong></span> <span class='ocrx_word' id='word_1_271' title='bbox 924 2884 1057 2948; x_wconf 88' lang='lat' dir='ltr'><strong>quingenti</strong></span> <span class='ocrx_word' id='word_1_272' title='bbox 1068 2884 1191 2933; x_wconf 84' lang='lat' dir='ltr'><strong>coronati.</strong></span> <span class='ocrx_word' id='word_1_273' title='bbox 1285 2945 1289 2954; x_wconf 34' lang='grc' dir='ltr'><strong><em>Ι</em></strong></span> 
     </span>
     <span class='ocr_line' id='line_1_30' title="bbox 236 2956 1345 3023; baseline 0.004 -18"><span class='ocrx_word' id='word_1_274' title='bbox 236 2956 281 3022; x_wconf 87' lang='lat' dir='ltr'><strong>qni</strong></span> <span class='ocrx_word' id='word_1_275' title='bbox 303 2958 373 3021; x_wconf 88' lang='lat' dir='ltr'><strong>prins</strong></span> <span class='ocrx_word' id='word_1_276' title='bbox 394 2963 524 3007; x_wconf 82' lang='lat' dir='ltr'><strong>tentasset</strong></span> <span class='ocrx_word' id='word_1_277' title='bbox 542 2972 630 3008; x_wconf 87' lang='lat' dir='ltr'><strong>omnes</strong></span> <span class='ocrx_word' id='word_1_278' title='bbox 652 2958 765 3020; x_wconf 77' lang='lat' dir='ltr'><strong>rationes</strong></span> <span class='ocrx_word' id='word_1_279' title='bbox 837 2961 873 3010; x_wconf 85' lang='lat' dir='ltr'><strong>Et</strong></span> <span class='ocrx_word' id='word_1_280' title='bbox 885 2960 1004 3009; x_wconf 85' lang='lat' dir='ltr'><strong>alludunt</strong></span> <span class='ocrx_word' id='word_1_281' title='bbox 1015 2960 1059 3023; x_wconf 81' lang='lat' dir='ltr'><strong>alii</strong></span> <span class='ocrx_word' id='word_1_282' title='bbox 1069 2961 1223 3023; x_wconf 84' lang='lat' dir='ltr'><strong>scriptores,</strong></span> <span class='ocrx_word' id='word_1_283' title='bbox 1234 2965 1263 3009; x_wconf 88' lang='lat' dir='ltr'><strong>nt</strong></span> <span class='ocrx_word' id='word_1_284' title='bbox 1274 2960 1345 3009; x_wconf 86' lang='lat' dir='ltr'><strong>Sue-</strong></span> 
     </span>
     <span class='ocr_line' id='line_1_31' title="bbox 234 3032 1343 3100; baseline 0.005 -18"><span class='ocrx_word' id='word_1_285' title='bbox 234 3032 404 3083; x_wconf 80' lang='lat' dir='ltr'><strong>subveniendi</strong></span> <span class='ocrx_word' id='word_1_286' title='bbox 422 3034 620 3084; x_wconf 86' lang='lat' dir='ltr'><strong>necessitatibus</strong></span> <span class='ocrx_word' id='word_1_287' title='bbox 640 3034 702 3097; x_wconf 88' lang='lat' dir='ltr'><strong>suis,</strong></span> <span class='ocrx_word' id='word_1_288' title='bbox 719 3042 765 3093; x_wconf 85' lang='lat' dir='ltr'><strong>aot</strong></span> <span class='ocrx_word' id='word_1_289' title='bbox 806 3043 861 3086; x_wconf 80' lang='lat' dir='ltr'><strong>ton.</strong></span> <span class='ocrx_word' id='word_1_290' title='bbox 876 3038 933 3087; x_wconf 81' lang='lat' dir='ltr'><strong>Tib.</strong></span> <span class='ocrx_word' id='word_1_291' title='bbox 944 3053 967 3087; x_wconf 82' lang='lat' dir='ltr'><strong>c.</strong></span> <span class='ocrx_word' id='word_1_292' title='bbox 978 3042 1019 3087; x_wconf 78' lang='grc'><strong>49.</strong></span> <span class='ocrx_word' id='word_1_293' title='bbox 1032 3038 1093 3086; x_wconf 89' lang='lat' dir='ltr'><strong>dum</strong></span> <span class='ocrx_word' id='word_1_294' title='bbox 1105 3037 1203 3099; x_wconf 84' lang='lat' dir='ltr'><strong>scribit,</strong></span> <span class='ocrx_word' id='word_1_295' title='bbox 1213 3037 1343 3100; x_wconf 69' lang='lat' dir='ltr'><strong>quosdam</strong></span> 
     </span>
     <span class='ocr_line' id='line_1_32' title="bbox 233 3109 1343 3177; baseline 0.005 -18"><span class='ocrx_word' id='word_1_296' title='bbox 233 3109 404 3160; x_wconf 68' lang='lat' dir='ltr'><strong>exfruetmns</strong></span> <span class='ocrx_word' id='word_1_297' title='bbox 424 3112 579 3175; x_wconf 75' lang='lat' dir='ltr'><strong>praediorum</strong></span> <span class='ocrx_word' id='word_1_298' title='bbox 597 3118 765 3174; x_wconf 69' lang='lat' dir='ltr'><strong>monument</strong></span> <span class='ocrx_word' id='word_1_299' title='bbox 804 3113 940 3164; x_wconf 83' lang='lat' dir='ltr'><strong>damnatos</strong></span> <span class='ocrx_word' id='word_1_300' title='bbox 963 3128 1030 3177; x_wconf 87' lang='lat' dir='ltr'><strong>esse,</strong></span> <span class='ocrx_word' id='word_1_301' title='bbox 1051 3114 1163 3177; x_wconf 87' lang='lat' dir='ltr'><strong>‘quibos</strong></span> <span class='ocrx_word' id='word_1_302' title='bbox 1186 3113 1245 3161; x_wconf 88' lang='lat' dir='ltr'><strong>nibil</strong></span> <span class='ocrx_word' id='word_1_303' title='bbox 1264 3113 1343 3164; x_wconf 85' lang='lat' dir='ltr'><strong>aliud</strong></span> 
     </span>
     <span class='ocr_line' id='line_1_33' title="bbox 232 3186 1396 3252; baseline 0.003 -18"><span class='ocrx_word' id='word_1_304' title='bbox 232 3186 322 3236; x_wconf 83' lang='lat' dir='ltr'><strong>labore</strong></span> <span class='ocrx_word' id='word_1_305' title='bbox 343 3192 371 3235; x_wconf 87' lang='lat' dir='ltr'><strong>et</strong></span> <span class='ocrx_word' id='word_1_306' title='bbox 391 3187 526 3249; x_wconf 86' lang='lat' dir='ltr'><strong>industria,</strong></span> <span class='ocrx_word' id='word_1_307' title='bbox 544 3195 589 3236; x_wconf 88' lang='lat' dir='ltr'><strong>aot</strong></span> <span class='ocrx_word' id='word_1_308' title='bbox 612 3187 766 3251; x_wconf 76' lang='lat' dir='ltr'><strong>parsimonia</strong></span> <span class='ocrx_word' id='word_1_309' title='bbox 805 3188 839 3237; x_wconf 90' lang='lat' dir='ltr'><strong>sit</strong></span> <span class='ocrx_word' id='word_1_310' title='bbox 851 3189 994 3251; x_wconf 83' lang='lat' dir='ltr'><strong>objectum,</strong></span> <span class='ocrx_word' id='word_1_311' title='bbox 1006 3203 1081 3252; x_wconf 83' lang='lat' dir='ltr'><strong>qnam</strong></span> <span class='ocrx_word' id='word_1_312' title='bbox 1103 3187 1171 3250; x_wconf 81' lang='lat' dir='ltr'><strong>quod</strong></span> <span class='ocrx_word' id='word_1_313' title='bbox 1188 3194 1286 3249; x_wconf 80' lang='lat' dir='ltr'><strong>partein</strong></span> <span class='ocrx_word' id='word_1_314' title='bbox 1298 3188 1345 3237; x_wconf 80' lang='lat' dir='ltr'><strong>rei</strong></span> <span class='ocrx_word' id='word_1_315' title='bbox 1391 3201 1396 3209; x_wconf 87' lang='grc'>·</span> 
     </span>
     <span class='ocr_line' id='line_1_34' title="bbox 231 3261 1398 3327; baseline -0.001 -15"><span class='ocrx_word' id='word_1_316' title='bbox 231 3269 259 3313; x_wconf 84' lang='lat' dir='ltr'><strong>et</strong></span> <span class='ocrx_word' id='word_1_317' title='bbox 270 3262 430 3327; x_wconf 79' lang='lat' dir='ltr'><strong>frugalitate.</strong></span> <span class='ocrx_word' id='word_1_318' title='bbox 804 3261 940 3312; x_wconf 85' lang='lat' dir='ltr'><strong>familiaris</strong></span> <span class='ocrx_word' id='word_1_319' title='bbox 949 3264 974 3312; x_wconf 92' lang='lat' dir='ltr'><strong>in</strong></span> <span class='ocrx_word' id='word_1_320' title='bbox 986 3263 1097 3327; x_wconf 86' lang='lat' dir='ltr'><strong>pecunia</strong></span> <span class='ocrx_word' id='word_1_321' title='bbox 1105 3262 1247 3311; x_wconf 74' lang='lat' dir='ltr'><strong>baberent!</strong></span> <span class='ocrx_word' id='word_1_322' title='bbox 1269 3262 1345 3311; x_wconf 88' lang='lat' dir='ltr'><strong>Par·</strong></span> <span class='ocrx_word' id='word_1_323' title='bbox 1393 3297 1398 3304; x_wconf 83' lang='lat'>.</span> 
     </span>
     <span class='ocr_line' id='line_1_35' title="bbox 266 3335 1323 3404; baseline 0 -17"><span class='ocrx_word' id='word_1_324' title='bbox 266 3338 307 3387; x_wconf 86' lang='lat' dir='ltr'><strong>Eo</strong></span> <span class='ocrx_word' id='word_1_325' title='bbox 327 3335 417 3402; x_wconf 83' lang='lat' dir='ltr'><strong>inagis,</strong></span> <span class='ocrx_word' id='word_1_326' title='bbox 432 3340 503 3403; x_wconf 89' lang='lat' dir='ltr'><strong>quod</strong></span> <span class='ocrx_word' id='word_1_327' title='bbox 525 3355 601 3390; x_wconf 89' lang='lat' dir='ltr'><strong>nemo</strong></span> <span class='ocrx_word' id='word_1_328' title='bbox 622 3339 766 3391; x_wconf 83' lang='lat' dir='ltr'><strong>foeneratur</strong></span> <span class='ocrx_word' id='word_1_329' title='bbox 806 3346 857 3388; x_wconf 84' lang='lat' dir='ltr'><strong>tem</strong></span> <span class='ocrx_word' id='word_1_330' title='bbox 869 3340 970 3388; x_wconf 85' lang='lat' dir='ltr'><strong>scilicet</strong></span> <span class='ocrx_word' id='word_1_331' title='bbox 981 3340 1100 3402; x_wconf 83' lang='lat' dir='ltr'><strong>majorem</strong></span> <span class='ocrx_word' id='word_1_332' title='bbox 1110 3353 1184 3404; x_wconf 87' lang='lat' dir='ltr'><strong>quam</strong></span> <span class='ocrx_word' id='word_1_333' title='bbox 1193 3352 1239 3400; x_wconf 89' lang='lat' dir='ltr'><strong>pro</strong></span> <span class='ocrx_word' id='word_1_334' title='bbox 1249 3337 1323 3400; x_wconf 82' lang='lat' dir='ltr'><strong>lege.</strong></span> 
     </span>
     <span class='ocr_line' id='line_1_36' title="bbox 233 3414 1350 3479; baseline 0.002 -18"><span class='ocrx_word' id='word_1_335' title='bbox 233 3421 394 3478; x_wconf 82' lang='lat' dir='ltr'><strong>propterea,</strong></span> <span class='ocrx_word' id='word_1_336' title='bbox 414 3431 471 3477; x_wconf 77' lang='lat' dir='ltr'><strong>qnae</strong></span> <span class='ocrx_word' id='word_1_337' title='bbox 483 3417 535 3465; x_wconf 89' lang='lat' dir='ltr'><strong>sint</strong></span> <span class='ocrx_word' id='word_1_338' title='bbox 550 3416 583 3464; x_wconf 90' lang='lat' dir='ltr'><strong>ad</strong></span> <span class='ocrx_word' id='word_1_339' title='bbox 601 3417 680 3465; x_wconf 81' lang='lat' dir='ltr'><strong>vitani</strong></span> <span class='ocrx_word' id='word_1_340' title='bbox 693 3424 766 3467; x_wconf 86' lang='lat' dir='ltr'><strong>tuen·</strong></span> <span class='ocrx_word' id='word_1_341' title='bbox 839 3415 872 3464; x_wconf 87' lang='lat' dir='ltr'><strong>ln</strong></span> <span class='ocrx_word' id='word_1_342' title='bbox 884 3430 931 3479; x_wconf 84' lang='lat' dir='ltr'><strong>qrra</strong></span> <span class='ocrx_word' id='word_1_343' title='bbox 942 3415 1059 3463; x_wconf 89' lang='lat' dir='ltr'><strong>Suetonii</strong></span> <span class='ocrx_word' id='word_1_344' title='bbox 1072 3429 1132 3463; x_wconf 86' lang='lat' dir='ltr'><strong>vera</strong></span> <span class='ocrx_word' id='word_1_345' title='bbox 1141 3414 1269 3463; x_wconf 80' lang='lat' dir='ltr'><strong>sententia</strong></span> <span class='ocrx_word' id='word_1_346' title='bbox 1280 3428 1350 3463; x_wconf 88' lang='lat' dir='ltr'><strong>eru-</strong></span> 
     </span>
     <span class='ocr_line' id='line_1_37' title="bbox 232 3487 1350 3554; baseline 0.004 -16"><span class='ocrx_word' id='word_1_347' title='bbox 232 3490 291 3554; x_wconf 81' lang='lat' dir='ltr'><strong>darn</strong></span> <span class='ocrx_word' id='word_1_348' title='bbox 303 3491 467 3540; x_wconf 87' lang='lat' dir='ltr'><strong>necessaria:</strong></span> <span class='ocrx_word' id='word_1_349' title='bbox 493 3492 629 3543; x_wconf 79' lang='lat' dir='ltr'><strong>‘Quidatl</strong></span> <span class='ocrx_word' id='word_1_350' title='bbox 642 3493 765 3542; x_wconf 86' lang='lat' dir='ltr'><strong>tuendam</strong></span> <span class='ocrx_word' id='word_1_351' title='bbox 804 3491 873 3539; x_wconf 87' lang='lat' dir='ltr'><strong>enda</strong></span> <span class='ocrx_word' id='word_1_352' title='bbox 905 3490 1056 3540; x_wconf 67' lang='lat' dir='ltr'><strong>scholiastae</strong></span> <span class='ocrx_word' id='word_1_353' title='bbox 1086 3491 1203 3539; x_wconf 87' lang='lat' dir='ltr'><strong>laborant</strong></span> <span class='ocrx_word' id='word_1_354' title='bbox 1230 3487 1350 3542; x_wconf 80' lang='lat' dir='ltr'><strong>frustra.</strong></span> 
     </span>
     <span class='ocr_line' id='line_1_38' title="bbox 231 3560 1350 3631; baseline 0.002 -17"><span class='ocrx_word' id='word_1_355' title='bbox 231 3565 634 3629; x_wconf 67' lang='lat' dir='ltr'><strong>estritamopnapraeterdoo?</strong></span> <span class='ocrx_word' id='word_1_356' title='bbox 658 3560 765 3618; x_wconf 75' lang='lat' dir='ltr'><strong>Cereale</strong></span> <span class='ocrx_word' id='word_1_357' title='bbox 806 3567 943 3631; x_wconf 87' lang='lat' dir='ltr'><strong>Reliquum</strong></span> <span class='ocrx_word' id='word_1_358' title='bbox 967 3566 1083 3628; x_wconf 78' lang='lat' dir='ltr'><strong>pecuniae</strong></span> <span class='ocrx_word' id='word_1_359' title='bbox 1114 3565 1226 3614; x_wconf 87' lang='lat' dir='ltr'><strong>conferri</strong></span> <span class='ocrx_word' id='word_1_360' title='bbox 1247 3565 1350 3616; x_wconf 74' lang='lat' dir='ltr'><strong>Cesar</strong></span> 
     </span>
     <span class='ocr_line' id='line_1_39' title="bbox 231 3639 1143 3707; baseline 0.001 -15"><span class='ocrx_word' id='word_1_361' title='bbox 231 3639 331 3703; x_wconf 83' lang='lat' dir='ltr'><strong>munos,</strong></span> <span class='ocrx_word' id='word_1_362' title='bbox 343 3648 371 3692; x_wconf 86' lang='lat' dir='ltr'><strong>et</strong></span> <span class='ocrx_word' id='word_1_363' title='bbox 380 3642 490 3691; x_wconf 84' lang='lat' dir='ltr'><strong>Acheloi</strong></span> <span class='ocrx_word' id='word_1_364' title='bbox 505 3644 616 3706; x_wconf 68' lang='lat' dir='ltr'><strong>pocula!</strong></span> <span class='ocrx_word' id='word_1_365' title='bbox 649 3645 764 3707; x_wconf 87' lang='lat' dir='ltr'><strong>Propter</strong></span> <span class='ocrx_word' id='word_1_366' title='bbox 806 3642 886 3692; x_wconf 88' lang='lat' dir='ltr'><strong>voluit</strong></span> <span class='ocrx_word' id='word_1_367' title='bbox 896 3642 923 3693; x_wconf 88' lang='lat' dir='ltr'><strong>in</strong></span> <span class='ocrx_word' id='word_1_368' title='bbox 936 3658 1020 3705; x_wconf 86' lang='lat' dir='ltr'><strong>agros.</strong></span> <span class='ocrx_word' id='word_1_369' title='bbox 1038 3643 1143 3705; x_wconf 60' lang='lat' dir='ltr'><strong>lapsos.</strong></span> 
     </span>
     <span class='ocr_line' id='line_1_40' title="bbox 231 3718 1361 3792; baseline -0.002 -22"><span class='ocrx_word' id='word_1_370' title='bbox 231 3720 288 3792; x_wconf 76' lang='lat' dir='ltr'><strong>lraec</strong></span> <span class='ocrx_word' id='word_1_371' title='bbox 299 3728 386 3769; x_wconf 87' lang='lat' dir='ltr'><strong>autern</strong></span> <span class='ocrx_word' id='word_1_372' title='bbox 399 3734 475 3768; x_wconf 83' lang='lat' dir='ltr'><strong>nemo</strong></span> <span class='ocrx_word' id='word_1_373' title='bbox 495 3734 532 3780; x_wconf 87' lang='lat' dir='ltr'><strong>se,</strong></span> <span class='ocrx_word' id='word_1_374' title='bbox 543 3726 572 3768; x_wconf 86' lang='lat' dir='ltr'><strong>ot</strong></span> <span class='ocrx_word' id='word_1_375' title='bbox 583 3719 716 3782; x_wconf 80' lang='lat' dir='ltr'><strong>Diogenes</strong></span> <span class='ocrx_word' id='word_1_376' title='bbox 726 3721 764 3769; x_wconf 87' lang='lat' dir='ltr'><strong>di·</strong></span> <span class='ocrx_word' id='word_1_377' title='bbox 835 3719 966 3768; x_wconf 74' lang='lat' dir='ltr'><strong>Adversum</strong></span> <span class='ocrx_word' id='word_1_378' title='bbox 976 3721 1052 3781; x_wconf 81' lang='lat' dir='ltr'><strong>legem</strong></span> <span class='ocrx_word' id='word_1_379' title='bbox 1064 3718 1210 3780; x_wconf 77' lang='lat' dir='ltr'><strong>Dirtntoris]</strong></span> <span class='ocrx_word' id='word_1_380' title='bbox 1228 3718 1269 3765; x_wconf 88' lang='lat' dir='ltr'><strong>De</strong></span> <span class='ocrx_word' id='word_1_381' title='bbox 1286 3732 1361 3782; x_wconf 76' lang='lat' dir='ltr'><strong>qua-</strong></span> 
     </span>
     <span class='ocr_line' id='line_1_41' title="bbox 230 3795 1352 3862; baseline 0.001 -14"><span class='ocrx_word' id='word_1_382' title='bbox 230 3795 479 3862; x_wconf 80' lang='lat' dir='ltr'><strong>eebat,t&#39;oeneratori</strong></span> <span class='ocrx_word' id='word_1_383' title='bbox 496 3795 603 3857; x_wconf 81' lang='lat' dir='ltr'><strong>obligat.</strong></span> <span class='ocrx_word' id='word_1_384' title='bbox 637 3798 674 3845; x_wconf 89' lang='lat' dir='ltr'><strong>Ut</strong></span> <span class='ocrx_word' id='word_1_385' title='bbox 686 3797 712 3844; x_wconf 88' lang='lat' dir='ltr'><strong>in</strong></span> <span class='ocrx_word' id='word_1_386' title='bbox 724 3812 764 3846; x_wconf 89' lang='lat' dir='ltr'><strong>ar·</strong></span> <span class='ocrx_word' id='word_1_387' title='bbox 802 3799 909 3847; x_wconf 81' lang='lat' dir='ltr'><strong>sueton.</strong></span> <span class='ocrx_word' id='word_1_388' title='bbox 929 3797 956 3846; x_wconf 94' lang='lat' dir='ltr'><strong>in</strong></span> <span class='ocrx_word' id='word_1_389' title='bbox 976 3798 1043 3848; x_wconf 82' lang='lat' dir='ltr'><strong>Caes.</strong></span> <span class='ocrx_word' id='word_1_390' title='bbox 1064 3801 1106 3848; x_wconf 74' lang='lat'><strong>42.</strong></span> <span class='ocrx_word' id='word_1_391' title='bbox 1126 3805 1152 3846; x_wconf 84' lang='lat' dir='ltr'><strong>et</strong></span> <span class='ocrx_word' id='word_1_392' title='bbox 1168 3799 1256 3849; x_wconf 72' lang='lat' dir='ltr'><strong>Cesar</strong></span> <span class='ocrx_word' id='word_1_393' title='bbox 1277 3796 1352 3861; x_wconf 81' lang='lat' dir='ltr'><strong>ipse</strong></span> 
     </span>
     <span class='ocr_line' id='line_1_42' title="bbox 231 3872 1270 3938; baseline -0.003 -16"><span class='ocrx_word' id='word_1_394' title='bbox 231 3881 320 3938; x_wconf 82' lang='lat' dir='ltr'><strong>gento,</strong></span> <span class='ocrx_word' id='word_1_395' title='bbox 338 3873 629 3923; x_wconf 85' lang='lat' dir='ltr'><strong>antinaurobibator:</strong></span> <span class='ocrx_word' id='word_1_396' title='bbox 656 3881 764 3934; x_wconf 76' lang='lat' dir='ltr'><strong>urgem-</strong></span> <span class='ocrx_word' id='word_1_397' title='bbox 804 3872 1128 3922; x_wconf 80' lang='lat' dir='ltr'><strong>librorrr.oebellocivil.</strong></span> <span class='ocrx_word' id='word_1_398' title='bbox 1152 3874 1270 3920; x_wconf 73' lang='lat' dir='ltr'><strong>Muretus.</strong></span> 
     </span>
     <span class='ocr_line' id='line_1_43' title="bbox 230 3947 1355 4019; baseline 0.003 -21"><span class='ocrx_word' id='word_1_399' title='bbox 230 3949 281 4019; x_wconf 76' lang='lat' dir='ltr'><strong>mis</strong></span> <span class='ocrx_word' id='word_1_400' title='bbox 290 3947 374 4014; x_wconf 82' lang='lat' dir='ltr'><strong>digiti,</strong></span> <span class='ocrx_word' id='word_1_401' title='bbox 386 3964 461 3998; x_wconf 83' lang='lat' dir='ltr'><strong>aures</strong></span> <span class='ocrx_word' id='word_1_402' title='bbox 470 3948 606 3997; x_wconf 87' lang='lat' dir='ltr'><strong>unionibus</strong></span> <span class='ocrx_word' id='word_1_403' title='bbox 614 3956 764 4010; x_wconf 82' lang='lat' dir='ltr'><strong>onerentur,</strong></span> <span class='ocrx_word' id='word_1_404' title='bbox 839 3950 939 4012; x_wconf 75' lang='lat' dir='ltr'><strong>Legem]</strong></span> <span class='ocrx_word' id='word_1_405' title='bbox 958 3949 1115 3997; x_wconf 67' lang='lat' dir='ltr'><strong>Tribunicio</strong></span> <span class='ocrx_word' id='word_1_406' title='bbox 1125 3950 1205 4011; x_wconf 83' lang='lat' dir='ltr'><strong>leges,</strong></span> <span class='ocrx_word' id='word_1_407' title='bbox 1213 3947 1355 4011; x_wconf 67' lang='lat' dir='ltr'><strong>poradta</strong></span> 
     </span>
     <span class='ocr_line' id='line_1_44' title="bbox 230 4025 1356 4098; baseline -0.006 -22"><span class='ocrx_word' id='word_1_408' title='bbox 230 4033 261 4076; x_wconf 89' lang='lat' dir='ltr'><strong>ut</strong></span> <span class='ocrx_word' id='word_1_409' title='bbox 276 4042 393 4098; x_wconf 80' lang='lat' dir='ltr'><strong>purpura</strong></span> <span class='ocrx_word' id='word_1_410' title='bbox 404 4030 530 4086; x_wconf 85' lang='lat' dir='ltr'><strong>calcetur,</strong></span> <span class='ocrx_word' id='word_1_411' title='bbox 540 4035 568 4074; x_wconf 92' lang='lat' dir='ltr'><strong>ut</strong></span> <span class='ocrx_word' id='word_1_412' title='bbox 580 4025 658 4078; x_wconf 75' lang='lat' dir='ltr'><strong>ebore</strong></span> <span class='ocrx_word' id='word_1_413' title='bbox 668 4027 766 4075; x_wconf 87' lang='lat' dir='ltr'><strong>incros·</strong></span> <span class='ocrx_word' id='word_1_414' title='bbox 805 4026 911 4088; x_wconf 87' lang='lat' dir='ltr'><strong>proprio</strong></span> <span class='ocrx_word' id='word_1_415' title='bbox 935 4025 1060 4074; x_wconf 85' lang='lat' dir='ltr'><strong>vocabulo</strong></span> <span class='ocrx_word' id='word_1_416' title='bbox 1078 4026 1213 4084; x_wconf 88' lang='lat' dir='ltr'><strong>dicontnr;</strong></span> <span class='ocrx_word' id='word_1_417' title='bbox 1246 4038 1356 4077; x_wconf 82' lang='lat' dir='ltr'><strong>consu.</strong></span> 
     </span>
     <span class='ocr_line' id='line_1_45' title="bbox 230 4095 1355 4165; baseline 0.003 -16"><span class='ocrx_word' id='word_1_418' title='bbox 230 4106 327 4164; x_wconf 30' lang='lat' dir='ltr'><strong>tentor,</strong></span> <span class='ocrx_word' id='word_1_419' title='bbox 338 4102 479 4165; x_wconf 85' lang='lat' dir='ltr'><strong>laqnearia,</strong></span> <span class='ocrx_word' id='word_1_420' title='bbox 496 4103 526 4150; x_wconf 84' lang='lat' dir='ltr'><strong>irt</strong></span> <span class='ocrx_word' id='word_1_421' title='bbox 540 4116 602 4151; x_wconf 86' lang='lat' dir='ltr'><strong>soro</strong></span> <span class='ocrx_word' id='word_1_422' title='bbox 614 4101 766 4162; x_wconf 83' lang='lat' dir='ltr'><strong>radient,ut</strong></span> <span class='ocrx_word' id='word_1_423' title='bbox 805 4103 873 4150; x_wconf 86' lang='lat' dir='ltr'><strong>lares</strong></span> <span class='ocrx_word' id='word_1_424' title='bbox 897 4116 960 4151; x_wconf 83' lang='lat' dir='ltr'><strong>vero</strong></span> <span class='ocrx_word' id='word_1_425' title='bbox 981 4101 1100 4150; x_wconf 85' lang='lat' dir='ltr'><strong>absolute</strong></span> <span class='ocrx_word' id='word_1_426' title='bbox 1121 4102 1183 4161; x_wconf 79' lang='lat' dir='ltr'><strong>leges</strong></span> <span class='ocrx_word' id='word_1_427' title='bbox 1205 4095 1355 4156; x_wconf 76' lang='lat' dir='ltr'><strong>dicontur.</strong></span> 
     </span>
     <span class='ocr_line' id='line_1_46' title="bbox 230 4166 921 4240; baseline 0.001 -15"><span class='ocrx_word' id='word_1_428' title='bbox 230 4166 322 4225; x_wconf 68' lang='lat' dir='ltr'><strong>citreae</strong></span> <span class='ocrx_word' id='word_1_429' title='bbox 335 4191 429 4225; x_wconf 78' lang='lat' dir='ltr'><strong>niensae</strong></span> <span class='ocrx_word' id='word_1_430' title='bbox 448 4177 540 4240; x_wconf 89' lang='lat' dir='ltr'><strong>petitis</strong></span> <span class='ocrx_word' id='word_1_431' title='bbox 555 4186 709 4226; x_wconf 87' lang='lat' dir='ltr'><strong>transmare</strong></span> <span class='ocrx_word' id='word_1_432' title='bbox 721 4178 765 4227; x_wconf 83' lang='lat' dir='ltr'><strong>da·</strong></span> <span class='ocrx_word' id='word_1_433' title='bbox 805 4179 921 4228; x_wconf 73' lang='lat' dir='ltr'><strong>asom.</strong></span> 
     </span>
     <span class='ocr_line' id='line_1_47' title="bbox 230 4249 1407 4319; baseline 0.008 -19"><span class='ocrx_word' id='word_1_434' title='bbox 230 4249 308 4317; x_wconf 82' lang='lat' dir='ltr'><strong>pibus</strong></span> <span class='ocrx_word' id='word_1_435' title='bbox 318 4258 484 4317; x_wconf 81' lang='lat' dir='ltr'><strong>premantur:</strong></span> <span class='ocrx_word' id='word_1_436' title='bbox 501 4260 531 4302; x_wconf 88' lang='lat' dir='ltr'><strong>ut</strong></span> <span class='ocrx_word' id='word_1_437' title='bbox 541 4254 639 4318; x_wconf 79' lang='lat' dir='ltr'><strong>stultae,</strong></span> <span class='ocrx_word' id='word_1_438' title='bbox 649 4252 764 4318; x_wconf 73' lang='lat' dir='ltr'><strong>infinita,</strong></span> <span class='ocrx_word' id='word_1_439' title='bbox 837 4251 971 4319; x_wconf 65' lang='lat' dir='ltr'><strong>trunam]</strong></span> <span class='ocrx_word' id='word_1_440' title='bbox 1005 4254 1078 4306; x_wconf 86' lang='lat' dir='ltr'><strong>Plat.</strong></span> <span class='ocrx_word' id='word_1_441' title='bbox 1098 4254 1131 4305; x_wconf 88' lang='lat' dir='ltr'><strong>de</strong></span> <span class='ocrx_word' id='word_1_442' title='bbox 1157 4251 1263 4303; x_wconf 76' lang='lat' dir='ltr'><strong>vitando</strong></span> <span class='ocrx_word' id='word_1_443' title='bbox 1282 4249 1354 4309; x_wconf 62' lang='lat' dir='ltr'><strong>&#39;nere</strong></span> <span class='ocrx_word' id='word_1_444' title='bbox 1393 4275 1407 4299; x_wconf 69' lang='lat' dir='ltr'><strong>s</strong></span> 
     </span>
    </p>
   </div>
   <div class='ocr_carea' id='block_1_6' title="bbox 0 0 1542 4917">
    <p class='ocr_par' dir='ltr' id='par_1_6' title="bbox 0 0 1542 4917">
     <span class='ocr_line' id='line_1_48' title="bbox 0 0 1542 4917; baseline 0 1"><span class='ocrx_word' id='word_1_445' title='bbox 0 0 1542 4917; x_wconf 95' lang='lat' dir='ltr'><strong> </strong></span> 
     </span>
    </p>
   </div>
  </div>
 </body>
</html>
