3075 4917
255 366 325 432 6¹74
617 380 653 436 cr
668 377 851 428 connumr
874 376 1001 428 rimer
1200 380 1247 447 [Α.
1259 383 1364 438 uam.

260 524 329 601 via,
344 521 402 590 sed
416 521 566 588 horridus
576 540 619 586 ac
632 521 826 605 plerumque
840 522 1049 599 formidatus,
1062 521 1224 588 retinebat
1237 530 1362 599 tamem

259 623 365 688 donec
381 629 486 688 morte
499 623 604 687 Drusi
617 627 835 688 verterentur:
857 642 947 698 nam,
974 621 1050 686 dum
1071 623 1244 705 superfuit,
1268 621 1364 687 mon-

264 744 356 806 sere3
380 727 458 808 quia
484 724 640 807 Sejanus
661 723 837 806 incipiente
862 723 970 785 adhuc
991 723 1148 805 potentia,
1170 723 1269 786 bonis
1283 742 1363 796 con·

257 821 354 891 siliiss
371 829 538 889 notescere
561 825 705 899 volebat,
732 828 765 886 et
792 823 878 886 ultor
899 825 1115 900 metuebatur,
1129 843 1196 888 non
1209 826 1361 887 occultus

262 927 344 1003 odii,
369 932 400 989 et
415 927 526 990 crebro
549 943 698 1008 querenS,
729 924 910 987 ‘incolumi
932 923 1013 1000 filio,
1036 925 1217 1009 adjutorem
1233 926 1363 1008 imperii

261 1028 365 1094 alium
386 1027 519 1092 vocari:
543 1031 575 1089 et
596 1030 753 1108 quantum
776 1045 962 1108 superesse,
985 1029 1022 1089 ut
1052 1027 1180 1108 collega
1202 1025 1362 1089 dicutml

175 1143 178 1150 '
261 1130 395 1195 Primus
406 1128 599 1192 dominandi
615 1136 705 1211 apest
716 1128 753 1190 in
770 1127 894 1190 arduo:
920 1128 978 1191 nbi
994 1129 1041 1190 sis
1055 1129 1230 1209 ingressus
1246 1129 1365 1199 adesse

263 1231 373 1295 studia
387 1235 420 1293 et
433 1229 618 1292 ministros:
645 1233 816 1306 exstructa
822 1227 905 1310 jam,
921 1234 1038 1311 sponte
1051 1228 1219 1305 Praefecti,
1235 1235 1365 1292 castra:

260 1332 359 1398 datos
373 1333 407 1396 iu
422 1351 556 1395 manum
570 1331 692 1394 milites
707 1350 715 1394 ε
739 1331 827 1394 cerni
848 1329 987 1411 effigiem
1014 1328 1101 1414 ejusl
1122 1331 1157 1393 iu
1171 1347 1366 1397 monumen-

258 1429 313 1496 sis*
335 1431 395 1497 Gn.
419 1433 595 1516 Pompeii:
616 1449 807 1495 communes
834 1430 890 1494 illiJ
911 1451 986 1496 cum
1017 1432 1146 1495 familia
1176 1430 1364 1495 Drusorum

256 1588 1365 1654 oasa,monstruosissumammonmorenpmesoeneraeemtrrsomer,

257 1657 333 1714 donec
342 1655 442 1704 interitu
454 1653 529 1704 Drusi
539 1669 577 1702 res
587 1658 751 1702 murentur:
773 1667 827 1700 som
843 1655 898 1700 dem
909 1653 980 1713 vixit,
990 1654 1045 1700 dum
1054 1652 1149 1715 floruit,
1160 1654 1273 1701 timuere
1281 1669 1291 1708 ,·
1309 1651 1375 1714 (μὴ’

263 1718 371 1781 Mnus,
392 1723 482 1768 recente
501 1717 575 1767 adbuc
594 1723 719 1780 osteum,
730 1718 885 1766 inclarescere
896 1716 976 1779 probis
990 1716 1093 1766 conditu
1103 1716 1219 1779 metebat,
1239 1722 1264 1766 et
1274 1718 1363 1767 sundra

262 1781 361 1831 Drusus
377 1781 563 1843 somidobetor,
583 1781 646 1830 baud
665 1780 814 1830 dusismlcss
829 1779 973 1855 offensionis,
987 1786 1010 1829 et
1029 1781 1114 1844 soepiss
1126 1780 1242 1843 fremens,
1253 1783 1324 1831 salvo
1336 1789 1366 1832 et

263 1846 402 1909 superstite
414 1847 476 1907 tilio,
495 1845 673 1894 administrum
697 1845 799 1909 imperii
819 1844 896 1892 ulrum
914 1844 1024 1893 ascisci:
1043 1852 1204 1908 etquantum
1224 1844 1325 1904 abesse,
1336 1853 1367 1894 st

260 1911 347 1959 socius
364 1915 392 1958 et
410 1923 513 1958 consors
524 1910 626 1973 imperii
636 1909 801 1973 appelletur?
820 1907 932 1957 Primam
943 1907 1086 1972 imperandi
1105 1908 1254 1971 cupidinem
1271 1908 1365 1958 diffici-

262 1974 353 2023 lemet
365 1975 525 2035 ambiguam:
553 1980 588 2034 at,
610 1974 655 2022 obi
677 1973 757 2021 semel
777 1987 854 2020 ausus
870 1970 962 2032 fnems,
984 1972 1073 2021 adesse
1093 1973 1181 2021 statim
1203 1971 1367 2033 favorem,et

262 2038 394 2100 adjutores
405 2054 412 2085 ι
424 2036 553 2085 edificata
560 2037 614 2099 jam
628 2036 734 2086 arbitrio
746 2033 864 2099 prefecti
875 2036 1041 2098 munimenta,
1052 2036 1161 2084 traditos
1170 2035 1196 2084 in
1206 2043 1366 2099 potestatem

260 2102 445 2163 pretorianae,
453 2101 566 2163 spectari
574 2101 631 2163 ejus
640 2100 777 2163 imaginem
785 2099 855 2162 apud
863 2100 992 2158 theatrum
1001 2100 1049 2150 Cn.
1062 2100 1180 2163 Pompeii
1190 2117 1196 2149 ι
1206 2101 1366 2162 promiscuos

263 2165 300 2216 illi
312 2179 371 2214 cum
383 2170 461 2228 gente
473 2164 615 2213 Drusorum
628 2164 728 2215 futuros
737 2171 862 2228 nepotes:
884 2164 1007 2213 orandam
1025 2170 1115 2227 postea
1125 2164 1285 2224 modestiam,
1297 2171 1327 2214 nt
1337 2178 1367 2213 se

763 2274 874 2325 NOTAE

266 2401 342 2450 quam
370 2384 403 2435 de
425 2384 529 2448 publico
559 2385 651 2435 credis.
691 2385 799 2435 Dicitur
840 2385 972 2443 modestior
994 2401 1098 2448 numen,
1121 2387 1189 2452 quod
1217 2387 1320 2436 tandem
1343 2385 1368 2434 ei

264 2460 798 2525 actoriutqueetiamprocuratorituo,ln
839 2463 943 2527 aliquod
966 2462 1137 2527 cupiditatum
1160 2470 1186 2512 et
1220 2462 1369 2511 ambitionis

264 2539 308 2603 jus
321 2538 388 2595 veui,
402 2552 510 2601 sequere
523 2537 555 2587 ad
568 2536 701 2587 tribunal!
839 2543 1067 2607 temperamentum
1077 2538 1195 2602 inspiret.

298 2614 308 2647 f
322 2613 521 2677 Boniscoueiliis]
537 2614 570 2663 In
582 2614 698 2677 rempub.
713 2619 740 2661 et
751 2612 798 2664 eti·
870 2611 882 2645 ¹¹
900 2614 971 2663 coss
981 2615 1080 2680 (θρίω
1091 2615 1151 2678 dus]
1172 2616 1290 2664 Statuam
1302 2629 1370 2665 arne·

267 2703 307 2739 am
319 2690 345 2737 in
357 2690 471 2752 privatos
486 2705 592 2752 operam
604 2701 697 2754 nempe
710 2687 797 2747 dabat,
839 2704 878 2738 am
890 2690 917 2737 in
925 2690 1028 2739 theatro
1037 2690 1165 2754 Pompeii.
1192 2691 1254 2740 Dio.

266 2771 296 2813 ut
310 2761 384 2813 ¹bone
405 2765 512 2813 consilia
533 2764 644 2828 principi
660 2765 744 2819 daret.
768 2769 797 2810 ut
868 2765 922 2815 ¹1rr
932 2767 1097 2830 monumentis]
1114 2768 1185 2817 Nihil
1195 2768 1370 2830 hicintelligi·

265 2853 359 2901 nempe
370 2839 391 2886 si
403 2844 535 2887 constaret
553 2853 611 2886 eum
622 2838 729 2886 honesta
740 2852 797 2885 sua·
839 2849 882 2889 tor
892 2841 961 2891 aliud
971 2844 1072 2906 quam,‘
1085 2841 1183 2907 effigies
1191 2843 1286 2907 Sejano
1298 2842 1368 2906 apud

267 2913 338 2974 dere,
356 2914 495 2976 majoribus
513 2914 644 2962 hominum
655 2913 746 2964 studiis
756 2927 798 2961 ce·
837 2918 965 2966 theatrum
978 2918 1097 2981 Pompeii
1108 2919 1193 2968 locata
1203 2919 1219 2979 ;’
1236 2933 1313 2982 supra
1325 2932 1369 2970 ιιι,

266 2988 420 3037 lebraretur.
455 2987 598 3048 Praeterea,
621 2988 642 3036 si
661 2987 721 3052 quid
740 3002 798 3050 per·
837 2996 878 3041 ⁷2.
905 2993 936 3041 Id
956 2993 1073 3042 theutrum
1090 2993 1131 3042 bic
1154 2994 1311 3056 intelligitur
1321 3007 1369 3054 per

268 3079 357 3127 peram
380 3062 493 3126 fecisset,
509 3064 619 3112 Drusum
632 3062 797 3114 metuendum
837 3075 984 3120 momenta
1005 3073 1051 3119 cu,
1069 3071 1190 3133 Pompeii:
1210 3072 1280 3119 sicut
1300 3072 1369 3133 ejus.

267 3138 366 3200 habuit,
386 3145 508 3203 tanquam
519 3139 630 3188 ultorem
645 3138 797 3199 facinorum,
839 3145 897 3193 dem
921 3146 1015 3208 capitis
1032 3145 1106 3197 initio
1124 3146 1258 3195 ‘Basilica
1275 3144 1369 3208 Pauli‚'

268 3212 404 3276 siquando
415 3212 521 3261 Tiberio
534 3213 694 3279 succederet,
711 3220 739 3263 et
759 3229 798 3262 so·
840 3221 995 3283 perAEmilr'o
1003 3225 1159 3269 monomenta.

268 3287 308 3336 lus
321 3302 405 3350 rerum
418 3288 553 3350 potiretur.
870 3293 879 3335 l
896 3296 1034 3343 Communes
1043 3295 1092 3356 itti]
1118 3295 1255 3344 suetorum
1267 3294 1370 3344 Claudii

300 3369 313 3406 s
331 3364 425 3411 Primos
436 3364 570 3413 dominandi
580 3363 642 3427 spes]
667 3365 726 3416 Jam
738 3380 799 3416 sane
816 3369 824 3380 ¹
839 3367 892 3418 filio
913 3371 999 3418 Druso
1016 3370 1170 3432 desponsam
1186 3370 1274 3433 sejani
1289 3369 1369 3418 tiliam

268 3454 336 3497 erim,
349 3439 417 3503 quod
428 3439 453 3487 in
467 3454 498 3488 eo
507 3439 799 3502 negotiodifficillimum
838 3443 937 3503 scribit,
950 3458 974 3491 c.
986 3448 1026 3494 27.
1038 3444 1063 3492 iu
1077 3444 1169 3494 Claud.
1180 3459 1228 3494 nec
1242 3443 1305 3493 alius
1314 3458 1371 3494 seu·

268 3515 363 3579 fuerat,
375 3530 518 3579 superasse.
551 3516 617 3568 Nam
634 3517 799 3580 primoscap-
838 3520 928 3568 teutiae
947 3526 997 3584 est,
1017 3519 1085 3584 quod
1102 3526 1189 3574 noster
1206 3520 1223 3566 l.
1232 3532 1275 3568 111.
1293 3519 1371 3580 dixit,

266 3592 354 3641 tandae
377 3590 558 3640 dominationis
575 3598 681 3642 conatus
704 3593 797 3642 arduos
838 3595 941 3646 Claudii
951 3595 1005 3644 filio
1022 3587 1142 3662 sejanum
1162 3609 1278 3644 socerum
1292 3594 1370 3643 desti·

262 3669 333 3730 esse,
345 3675 373 3720 at
385 3668 428 3716 ubi
441 3668 496 3732 quis
508 3668 635 3730 ingressus
645 3668 732 3728 fuerit,
743 3666 797 3718 fau·
837 3677 934 3722 natum.
962 3672 1034 3737 ,Haec
1051 3677 1132 3733 certa,
1144 3671 1230 3720 clara:
1249 3670 1295 3719 sed
1307 3686 1370 3734 quo·

268 3752 336 3793 tores
352 3751 378 3793 et
392 3743 521 3807 adjutores
534 3747 620 3794 statim
633 3746 733 3805 adesse,
754 3746 798 3812 qni
837 3746 964 3796 modolric.
973 3746 1073 3796 Drusus
1085 3747 1211 3810 queritur,
1225 3761 1370 3795 communes

269 3819 425 3886 propellant.
461 3820 559 3870 Hocin
578 3821 798 3882 Scjanopraetorii
839 3823 876 3870 illi
896 3821 951 3871 fore
974 3837 1033 3872 cum
1052 3824 1194 3874 Drusorum
1206 3828 1371 3886 gentenepo·

267 3894 393 3959 praefecto
412 3896 468 3957 jam
496 3896 522 3944 id
548 3897 610 3946 satis
635 3895 797 3952 manifestum
839 3899 899 3946 tesi
917 3899 1000 3947 locum
1027 3912 1078 3946 nou
1098 3898 1192 3957 babet3
1213 3913 1244 3947 ea
1266 3889 1372 3961 querela

268 3986 334 4032 esse,
352 3978 382 4020 ut
402 3972 475 4033 cujus
499 3967 530 4019 ad
559 3971 693 4020 arbitrium
713 3980 798 4021 castra
839 3982 965 4023 vansest.
997 3974 1096 4024 Slvere
1114 3973 1373 4024 idemSneton.scri·

270 4047 799 4111 praetoriaerstructusiut,eteojamper·
828 4051 888 4112 bit,
914 4050 1025 4099 Drusum
1053 4050 1197 4098 extinctum
1225 4062 1283 4098 esse·
1311 4058 1371 4113 post

259 4123 379 4195 ¹vetuisse,
399 4131 427 4171 ut
455 4124 491 4174 bis
516 4139 567 4172 non
587 4132 724 4174 contentus
744 4140 799 4174 esse
840 4126 1127 4191 paucosdies,quamei
1142 4125 1372 4189 Sejaoifilisessst

269 4214 345 4264 posse
355 4199 480 4263 videatur,
493 4205 519 4249 et
531 4214 634 4252 necesse
647 4201 680 4250 sit
692 4215 811 4250 exorare
840 4204 974 4272 desponsa.
1018 4203 1154 4264 Desponsa
1182 4208 1274 4252 ‘autern
1309 4210 1371 4266 apte
