3075 4917
261 379 349 447 1031
621 397 654 445 c.
677 379 1014 444 connunn'rscmr·
1201 397 1248 465 [t.
1258 398 1293 452 11.
1304 402 1360 453 soc.

261 543 393 627 qiridem
417 542 453 606 in
473 560 622 624 praeseus
645 542 778 619 omnia3
801 539 860 604 sed
874 539 1084 622 benignitati'
1098 540 1208 606 Deum
1223 542 1361 625 gratiam

262 643 494 722 referendam,'
516 662 556 706 ue
579 642 664 706 ritus
689 662 868 719 sacrorum,
896 642 980 704 inter
1000 641 1168 723 ambigua¹
1188 643 1281 720 culti,
1302 661 1362 726 per

262 764 425 829 prospero
438 742 706 808 obliterarentur?
738 744 876 806 Factum
890 762 935 805 ex
947 762 988 806 co
1000 739 1066 807 SC.
1075 746 1105 806 :‘
1119 744 1264 809 viderent
1273 744 1363 810 Pon·

262 846 381 924 tifices,
397 866 474 929 quor
490 844 913 927 1111111111111111111111111111111111
930 844 1182 926 Haruspicum?

305 948 361 1013 16.
385 947 512 1010 Eodem
527 966 612 1010 anno
628 945 878 1010 Cheruscorum¹
902 965 982 1027 gens
1006 944 1147 1028 Regem·
1172 945 1283 1009 Roma
1305 965 1364 1029 pe-

264 1050 349 1127 tivit,
376 1050 509 1112 amissis
532 1068 593 1132 per
617 1048 744 1112 iuterna
767 1047 855 1110 bella
876 1046 1070 1142 nobilibus,b
1093 1053 1127 1110 et
1149 1067 1214 1111 uuo
1237 1047 1365 1129 reliquo

264 1151 378 1235 stirpis
394 1150 525 1232 Regiae,
549 1150 607 1234 qui
620 1149 711 1232 apud
725 1150 838 1212 urbem
852 1148 1046 1226 habebatur,
1061 1149 1193 1212 nomine
1211 1145 1363 1211 Italicur.¹

265 1330 311 1379 sed
322 1330 465 1379 clementia
486 1328 603 1378 Deorum
623 1328 718 1391 gratius
738 1331 861 1392 agendus,
877 1345 910 1380 ue
922 1330 1076 1380 caerimoniae
1087 1331 1227 1390 numinum,
1244 1331 1365 1380 interret

265 1394 387 1443 adversas
398 1394 548 1455 celebratae,
567 1393 644 1441 rebus
659 1394 781 1443 secundis
798 1395 985 1444 abolerentur.'
1005 1395 1072 1444 Hinc
1083 1394 1223 1455 factumest
1239 1396 1366 1455 daretem,

265 1465 295 1533 nt
306 1458 474 1534 adverterent
494 1457 629 1520 pontifices
641 1471 673 1505 ea
685 1472 742 1521 qnae
753 1459 880 1508 servanda
897 1467 926 1508 et
942 1459 1097 1508 stabilienda
1108 1466 1195 1508 esseut
1211 1459 1237 1506 in
1249 1457 1368 1521 lraruspi-

266 1520 536 1635 cumrpaeom
549 1584 717 1633 Cheruscorum
724 1587 855 1647 portem
863 1601 944 1648 regern
963 1587 1047 1650 Romo,
1057 1603 1110 1636 cum
1118 1586 1238 1650 principer
1247 1583 1369 1634 intestinis

266 1648 332 1699 belim
338 1649 482 1715 periissem
498 1655 522 1699 el
532 1664 591 1698 eres
601 1654 718 1713 superstes
727 1655 787 1700 esset
795 1652 859 1713 regii
867 1651 1001 1714 muniris,
1010 1650 1119 1700 1111111111
1130 1651 1223 1714 Italus,
1232 1651 1273 1714 qui
1283 1651 1367 1699 Rom

728 1775 746 1795 Α
746 1774 874 1794 000000000
875 1775 905 1794 Ν

298 1866 312 1910 1
330 1861 402 1912 Rene
414 1861 454 1911 Cl.
473 1839 598 1911 Emestus
611 1875 644 1910 ex
656 1861 708 1912 Ms.
719 1859 785 1924 Agr.
797 1859 903 1911 italicus.
937 1859 989 1911 Hic
1001 1862 1065 1912 Mss.
1077 1868 1104 1911 et
1116 1861 1181 1911 editi
1197 1860 1259 1910 libri
1269 1858 1368 1909 babent

763 1997 873 2048 NOTAE

298 2116 310 2140 '
326 2107 492 2174 Benignitotr']
508 2109 626 2161 Bonitati
636 2110 750 2159 Deorum
759 2124 800 2159 re·
838 2110 915 2160 rebus
938 2108 1018 2175 prisci
1037 2108 1127 2174 populi
1153 2108 1227 2156 Rom.
1251 2106 1369 2170 praecise.

266 2184 400 2237 ferendam
411 2199 469 2234 esse
480 2185 601 2249 gratiam,
620 2199 669 2234 nec
680 2184 727 2234 tali
744 2185 799 2233 illo·
837 2185 966 2249 Ambigua,
984 2185 1066 2247 dobin,
1086 2186 1239 2248 improspera,
1259 2184 1369 2243 emeres,

267 2276 324 2311 rum
339 2261 502 2324 benignitate
520 2260 694 2322 abutendum
711 2261 750 2310 ita
767 2266 798 2309 ut
837 2275 886 2325 pro
900 2261 990 2310 eodem
1002 2260 1140 2324 snutapud
1150 2259 1281 2308 Tacitum.

267 2338 333 2387 ritus
355 2351 487 2386 sacrorum
505 2337 575 2386 inter
594 2335 703 2386 adversa
722 2336 797 2398 culti,
868 2335 1039 2400 triturando]
1057 2337 1123 2388 Qnae
1136 2333 1370 2384 retinendairarns·

266 2413 448 2463 obliterereaiur
475 2413 543 2461 inter
570 2426 703 2476 prospere,
739 2426 797 2475 quta
836 2413 932 2477 picum,
944 2427 1002 2476 quae
1015 2410 1160 2477 spernenda
1171 2415 1250 2474 atque
1263 2408 1369 2459 abolen-

266 2488 379 2538 maximc
400 2488 446 2537 tali
468 2487 578 2538 bonitati
600 2487 732 2535 numinum
753 2486 798 2535 de·
837 2489 872 2538 da
882 2495 977 2538 essent.

267 2563 372 2614 beutnr.
869 2573 879 2596 ¹
905 2562 1086 2625 Cheruscorum]
1119 2561 1252 2624 Cherusci,
1279 2562 1369 2626 populi

299 2646 316 2671 ¹
332 2640 411 2689 Deum
424 2638 530 2700 3111111111
548 2636 705 2699 referendum]
734 2637 798 2686 Gro-
837 2640 984 2689 Germaniae
995 2638 1029 2688 ad
1040 2639 1171 2702 Visurgim
1185 2636 1308 2686 fluvium:
1325 2637 1369 2687 ho·

266 2714 313 2776 tis,
332 2729 406 2779 quom
419 2714 475 2764 Diis
487 2712 579 2762 referri
592 2713 688 2763 debere
699 2720 799 2774 censet,
838 2714 880 2763 die
898 2715 1016 2763 Ducatus
1029 2714 1179 2775 Brnmwiclc,
1196 2713 1369 2776 Episcopatus

266 2789 324 2838 brec
345 2795 385 2838 est
403 2803 464 2851 una,
484 2792 513 2836 ut
536 2788 700 2851 carimoniae,
721 2788 798 2837 rebus
838 2789 1107 2852 Hildeslteim,etpars
1125 2787 1369 2852 Arcbicpiscopatus

267 2862 392 2913 Romanis
403 2862 485 2910 multe
496 2860 698 2923 minoribus‚aut
708 2863 735 2910 in
745 2877 799 2911 arc-
837 2865 880 2914 vel
894 2866 1017 2916 Ducatus
1035 2864 1211 2926 Msgdebosrg,
1228 2863 1256 2911 in
1273 2864 1368 2914 circulo

267 2945 296 2988 to
308 2945 419 2987 servatos
430 2935 580 2999 diligenter,
590 2936 749 3000 temporibus
760 2951 799 2986 se-
837 2939 956 2990 Saxoniue
967 2938 1105 2988 inferioris.
1124 2939 1247 2988 litterius

267 3013 358 3065 condis
374 3028 407 3063 ne
424 3012 595 3076 negligantur.
627 3011 798 3075 intelligimus
870 3022 883 3048 ⁸
898 3013 1001 3077 Regem]
1027 3014 1080 3063 Hic
1098 3014 1185 3063 mirari
1205 3013 1282 3076 subit,
1300 3015 1369 3079 quod

267 3091 336 3139 enim
345 3089 460 3153 gentium,
479 3102 530 3137 non
549 3103 607 3153 quae
618 3088 703 3137 verbis
719 3089 798 3139 lrabe-
838 3090 962 3140 Cherusci
975 3089 1095 3139 acerrimi
1113 3089 1243 3138 libertatis
1262 3089 1371 3138 Germa·

267 3172 349 3227 retur,
370 3171 415 3216 aut
432 3163 489 3213 aliis
501 3163 650 3228 suppliciis;
667 3164 715 3212 sed
730 3164 752 3213 si
770 3163 798 3212 id
836 3165 903 3214 uicae
920 3164 1036 3214 vindices
1047 3177 1134 3225 regem
1145 3163 1311 3226 postularint,
1321 3164 1371 3228 ipsi

266 3241 342 3291 tieret
353 3247 416 3303 tum,
435 3255 467 3289 ex
480 3254 529 3304 quo
547 3246 696 3303 appareret,
711 3241 738 3289 in
748 3241 798 3290 boc
837 3239 915 3288 iidem
926 3239 971 3303 qui
982 3238 1126 3287 Arminium
1135 3238 1194 3289 ideo
1210 3238 1372 3304 occiderant,

269 3330 363 3379 genere
380 3317 466 3365 cultus
478 3323 564 3379 gratos
576 3316 797 3379 esseergaDeos.
838 3316 899 3380 quia
917 3329 1025 3378 regnum
1044 3313 1202 3376 affectabat,
1226 3317 1277 3365 nisi
1294 3316 1372 3380 forte,
1392 3343 1395 3348 ·

267 3391 306 3440 Ut
318 3392 335 3440 Ι.
346 3405 379 3440 11.
395 3391 490 3440 milites
500 3391 655 3454 promittuut
664 3392 798 3442 Germani·
838 3398 868 3441 ut
878 3391 1020 3441 discordias
1031 3392 1069 3439 sic
1081 3398 1288 3456 compescerent,
1303 3399 1332 3443 et
1343 3400 1374 3443 nt

267 3483 299 3518 co
310 3484 338 3518 se
347 3462 452 3530 gratiora
462 3469 488 3517 iu
497 3468 547 3517 acie
558 3469 690 3518 relaturos.
716 3470 799 3518 Dein·
839 3482 886 3531 pro
897 3468 971 3518 libito
982 3475 1074 3529 tamen
1082 3484 1129 3529 sno
1140 3471 1207 3519 tales
1218 3485 1294 3535 reges
1306 3471 1373 3521 tole·

267 3544 302 3593 de
312 3543 341 3592 rb
350 3544 457 3605 gratiam
465 3543 654 3607 accipiendum,
664 3545 736 3609 quasi
744 3546 800 3593 dix·
836 3550 933 3593 rorent

266 3619 340 3682 isset,
356 3634 408 3668 eom
417 3619 531 3680 mmmm,
549 3620 590 3667 rel
609 3620 669 3668 boec
683 3621 797 3683 gentious⁸
870 3620 964 3685 Neque
975 3619 1043 3668 enim
1061 3619 1195 3684 despotice
1212 3621 1374 3684 regnabatur

267 3695 448 3745 Gronovius
838 3695 908 3759 apud
924 3696 1076 3745 Germanos.
1107 3697 1169 3746 Tac.
1187 3695 1234 3745 lib.
1253 3696 1287 3746 de
1304 3712 1374 3747 mor.

301 3769 426 3832 Gratiam]
450 3769 483 3819 Id
504 3778 555 3832 est,
575 3771 647 3820 Deos
668 3772 799 3835 colendos,
838 3772 927 3820 Germ.
937 3774 981 3820 ts.
992 3770 1000 3798 ‘
1011 3770 1146 3821 Gotlrones
1158 3778 1298 3834 regnantur
1308 3788 1374 3837 pan·

268 3846 334 3895 ritus
348 3845 530 3907 observandos,
540 3844 617 3894 rebus
633 3846 672 3895 bis
690 3862 797 3912 prospe·
836 3847 925 3910 lojam
937 3845 1086 3908 adductius,
1101 3861 1178 3910 qnam
1189 3854 1287 3897 ceterae
1305 3849 1374 3899 Ger-

267 3920 311 3984 ris,
322 3927 352 3969 ut
363 3926 390 3968 st
400 3921 426 3969 in
438 3920 571 3984 ambiguis.
594 3955 596 3962 1
836 3937 969 3972 manorum
985 3929 1087 3986 gentes,
1104 3923 1218 3971 nondum
1230 3929 1319 3973 tamen
1332 3939 1374 3975 sn·

301 3995 425 4057 Gratiam]
441 3995 474 4044 ld
485 4003 535 4056 est,
547 3995 745 4060 gratitudinem:
757 3996 797 4045 bo·
837 4012 885 4062 pra
895 3999 1045 4048 libertatem
1055 3999 1071 4048 :'
1086 4005 1115 4048 et
1126 3997 1188 4047 ibid.
1200 4002 1242 4047 tl.
1259 3999 1267 4025 ‘
1278 4000 1373 4064 Regno

266 4084 345 4120 meet
354 4071 458 4120 Tacitus
469 4078 547 4121 vocat
557 4084 636 4135 saepe.
836 4074 943 4125 Arsacis
952 4075 1036 4124 acrior
1045 4075 1284 4125 estGermanorum
1295 4076 1373 4127 liber·

299 4150 314 4176 ¹
329 4145 397 4195 litter
405 4146 526 4211 ambiguo]
542 4147 603 4198 Non
621 4147 699 4197 decet
714 4146 740 4196 id
760 4146 798 4196 in·
837 4151 897 4202 tus.'
918 4151 985 4200 Vide
996 4151 1073 4201 etiam
1081 4151 1145 4200 Tac.
1155 4164 1188 4201 11.
1198 4154 1240 4200 tt.

268 4218 353 4287 telligi
373 4219 407 4272 de
428 4222 569 4274 minoribus
587 4229 617 4274 et
642 4223 798 4276 arctioribus
869 4225 1033 4291 bNobilibus]
1062 4227 1117 4280 Per
1135 4225 1226 4278 edita
1245 4227 1373 4296 iutelligit
