3075 4917
255 343 342 415 1122
612 363 645 411 c.
669 362 853 414 consumi
878 362 1006 412 ricius
1205 366 1368 432 [nuso.

255 510 440 587 obolitum:
454 507 656 574 demonstrat
667 531 679 576 :-
698 516 779 588 tum,
793 510 952 594 quicquid
966 508 1103 574 avitum¹
1120 509 1317 577 Neronibus
1330 519 1364 579 et

255 612 403 690 Drusis:
428 612 463 675 in
487 611 641 697 pretium'
654 613 769 697 probri
797 613 941 677 cessisse
953 611 972 675 ε·
1001 603 1238 696 incensumque
1261 615 1361 679 etad
1384 603 1408 627 ”

253 715 361 778 minas
375 720 622 795 erumpentem,²
637 715 756 779 castris
770 714 877 792 infert,
893 718 1014 796 parata
1028 714 1188 778 concione
1202 715 1362 796 militum

254 815 344 900 opud
357 834 454 900 quos,
468 821 690 898 praemonente
704 814 882 892 Narcisso,
894 833 1006 898 peuce
1016 816 1117 880 verba
1131 815 1212 880 fecit
1224 825 1248 881 :¹¹
1269 836 1360 897 uam,
1404 837 1408 847 ·

252 980 365 1045 quicquid
374 951 504 1031 bimus
521 983 636 1044 Neroneo,
645 986 670 1031 et
681 944 769 1044 Drusi,
779 982 806 1030 s'e
823 943 946 1045 premium
958 979 1055 1042 Jlogs’ls'i
1065 945 1196 1030 mucosum
1214 996 1262 1031 esse
1278 943 1362 1043 suto}

252 1046 288 1094 sir
296 1046 419 1096 imitatem
428 1053 453 1096 et
463 1047 490 1095 irs
500 1047 577 1096 enisos
586 1051 744 1109 mmpestern
756 1046 891 1096 claudium
910 1044 975 1094 ducit
993 1047 1019 1093 irs
1036 1049 1124 1107 omre,
1137 1046 1192 1106 jons
1207 1050 1263 1094 oute
1279 1051 1360 1095 ousta

253 1110 361 1160 cossim
377 1112 583 1175 morotum,
601 1113 664 1176 opsd
679 1124 737 1175 qsss
752 1110 835 1174 pueeis
854 1110 975 1175 diremit,
993 1115 1135 1173 suggerente
1154 1111 1286 1170 Narcisso3
1304 1111 1360 1175 quio
1402 1138 1404 1141 <

720 1238 761 1258 ou
765 1237 838 1258 “000
845 1235 898 1256 ’ue

286 1336 301 1382 1
319 1334 431 1384 Brotier.
442 1334 524 1385 edidit
534 1335 656 1392 lubitum
673 1340 701 1384 et
713 1333 751 1383 Cl.
762 1330 905 1381 Cluiffletius
916 1332 1022 1382 usuum
1032 1347 1084 1381 uon
1097 1332 1237 1397 culpabet;
1255 1334 1300 1383 sed
1309 1336 1359 1384 oor’·

253 1401 304 1447 tem
313 1398 478 1462 conjiciebat,
488 1400 557 1465 qrsod
569 1399 691 1462 probarit
702 1397 859 1460 Lipsius-2
876 1398 919 1447 ltu
936 1397 1001 1447 Mss.
1018 1397 1102 1447 'editio
1121 1400 1245 1462 princeps
1264 1407 1292 1448 et
1311 1400 1362 1448 Er:

253 1468 351 1512 uestus.
384 1462 492 1513 Frustra
510 1463 668 1513 Puteolanus
680 1467 887 1526 prorumpentem
904 1462 941 1511 ita
953 1469 1038 1510 tamen
1055 1462 1196 1511 ediderunt
1214 1463 1358 1512 Gronovius

253 1532 282 1574 et
294 1526 421 1589 Ryclsiusss
451 1528 586 1577 Brotierus
596 1529 676 1578 babet
689 1526 826 1575 Colortiuns
843 1526 930 1577 clamor
947 1527 1032 1574 debinc
1051 1527 1191 1584 crstinum
1208 1533 1236 1575 et
1254 1527 1290 1576 sic
1311 1529 1359 1576 lec-

252 1589 348 1640 tionem
360 1590 495 1642 defendit:
512 1593 574 1643 ‘Sic
586 1592 646 1643 libri
656 1606 743 1641 omues
755 1589 830 1640 editi.
862 1588 894 1639 Iu
906 1591 970 1640 Mss.
984 1590 1058 1640 Harl.
1071 1591 1146 1640 Bodl.
1158 1592 1214 1643 Jes.
1227 1597 1254 1641 et
1266 1590 1355 1642 Guelf.

748 1744 857 1795 NOTAE

251 1856 385 1921 facerent3
410 1859 465 1911 illic
492 1862 517 1912 ei
543 1860 632 1912 fuerat
655 1863 785 1912 collocate
824 1873 879 1923 proe
892 1851 1026 1925 uriu'cipls.

251 1934 314 1985 ara!
399 1961 401 1964 v
783 1949 786 1958 ¹
856 1938 1020 1987 Neronibsset
1030 1934 1131 1997 nnsis]
1147 1933 1358 1999 Puto‚iutelligit

283 2012 421 2062 'Cornum
439 2013 540 2064 Serota
560 2014 685 2078 obrutum]
712 2014 784 2065 Nihil
821 2012 956 2076 precipue
966 2012 1099 2063 Tiberium
1118 2017 1146 2060 et
1164 2011 1281 2060 Drusum
1292 2011 1358 2062 filios

250 2092 338 2135 tamen
354 2089 388 2138 de
407 2090 454 2139 tall
475 2091 615 2141 abolitione
635 2092 790 2141 tradideret·
822 2087 912 2151 biviae,
924 2094 950 2136 et
963 2088 1095 2152 prlriguos
1105 2085 1230 2150 Augusti,
1239 2087 1358 2151 qubedu·

249 2161 353 2213 Tacitus
363 2178 401 2216 ir.
411 2170 450 2216 lb.
459 2172 532 2217 etit.
542 2167 630 2217 ubide
641 2167 782 2217 exitusilil
822 2163 875 2213 cati
888 2163 915 2211 ln
933 2163 1009 2213 domo
1027 2162 1192 2227 regnatrice;
1209 2168 1237 2210 et
1256 2163 1357 2216 Drusus
1428 2219 1434 2232 ⁴

249 2238 314 2302 sgit
347 2240 406 2290 Nisi
416 2240 484 2293 forte
496 2245 577 2293 tacite
593 2244 621 2292 id
638 2244 781 2293 involvere·
821 2237 879 2300 ipse
889 2237 925 2288 ibi
936 2238 1078 2303 nutossqsi
1086 2244 1115 2288 et
1125 2252 1159 2287 ex
1168 2237 1356 2287 consuetudine

249 2320 294 2363 tur
304 2315 330 2364 iu
343 2316 507 2368 damnatione
517 2320 635 2383 bominis,
645 2320 687 2369 vel
698 2319 725 2369 id
742 2333 782 2368 re·
821 2313 904 2377 stupri
915 2328 974 2363 eum
985 2314 1068 2377 Livia,
1087 2328 1121 2363 ⁰¹
1132 2312 1225 2363 Villi&
1237 2327 1358 2377 dmm·

249 2397 380 2442 servasset
390 2392 458 2443 forte
470 2396 496 2444 in
507 2397 576 2446 hunc
587 2397 724 2446 locutus·
778 2419 782 2426 .
821 2390 1026 2453 tusputebatur.
1355 2414 1358 2419 ·

282 2466 362 2516 Certe
383 2468 504 2521 damnato
524 2471 636 2537 bomine,
655 2471 731 2522 simul
754 2477 782 2522 et
854 2466 924 2515 Dein
936 2465 1046 2530 intelligi
1063 2464 1356 2529 postuulGessntnicus

248 2544 375 2592 memoris
383 2550 411 2594 et
421 2546 543 2610 imagines
557 2537 624 2596 illius
643 2546 782 2609 brunate,
822 2543 890 2595 filius
902 2545 993 2608 Drusi,
1004 2551 1032 2594 et
1047 2545 1149 2594 Drusus
1166 2542 1235 2593 filius
1251 2544 1357 2609 liberii,

248 2617 336 2684 sicque
349 2620 454 2671 abolitae
470 2624 658 2686 censebantur,
667 2623 782 2673 moribus
822 2626 851 2669 et
872 2619 930 2670 tine
942 2619 1101 2682 Germanici,
1119 2624 1149 2667 et
1163 2619 1252 2681 proles
1273 2619 1356 2682 ipsius

249 2695 370 2759 antiquis,
389 2698 430 2746 vel
452 2699 531 2748 etiam
551 2701 618 2763 lege,
635 2698 781 2763 praesertim
822 2696 903 2746 Drusi
917 2695 1038 2759 junioris,
1049 2694 1094 2758 qui
1111 2692 1175 2742 duos
1192 2693 1284 2743 hebuit
1304 2694 1363 2744 Ge·

247 2772 364 2835 publice,
375 2774 524 2824 etiamolim
536 2781 626 2825 uetere
636 2775 739 2837 Repub.
820 2772 911 2821 mellos
927 2786 961 2821 ex
977 2771 1071 2822 Liuilla
1089 2783 1176 2820 sorore
1195 2770 1353 2821 Germanici.

281 2850 319 2899 Ar
336 2851 406 2899 iutra
425 2851 514 2901 domos
531 2852 719 2915 tolerabantur,
735 2858 781 2902 aut
821 2848 939 2897 Nerones
958 2860 1006 2911 per
1021 2844 1188 2910 sdoptionern
1200 2846 1354 2897 transierant

247 2926 327 2974 etiam
351 2926 377 2974 iu
399 2926 545 2991 municipiis
564 2928 702 2978 clientelae.
736 2927 781 2978 Sic
820 2924 847 2973 iu
870 2930 974 2988 gentem
995 2922 1091 2974 Jullsm
1113 2928 1142 2971 et
1159 2922 1215 2985 jam
1238 2922 1354 2973 Cessres

246 3000 332 3064 imago
352 3002 428 3051 Bruti
438 3001 542 3066 [mansit
560 3003 712 3067 nreuounr,
731 3018 781 3053 nee
821 3006 904 3061 eruut,
917 3004 947 3048 ut
958 3002 986 3047 et
996 2996 1043 3045 filii
1052 2996 1153 3046 Claudii
1164 3004 1218 3045 turn
1228 2996 1355 3061 impersu-

247 3090 302 3125 cam
315 3078 418 3126 sustulit
430 3077 568 3139 Arignotus,
581 3079 640 3143 quis
660 3075 782 3142 oppidani
821 3074 863 3125 us.

246 3152 284 3199 illi
298 3152 375 3213 Galli,
385 3153 461 3202 amiel
475 3153 559 3218 Bruti,
568 3153 637 3204 forte
657 3161 685 3204 et
702 3154 781 3203 clien-
825 3187 829 3195 f
851 3149 906 3198 ‘ln
918 3150 1023 3213 pretium
1040 3145 1122 3211 probri
1142 3147 1249 3210 cessisse]
1274 3149 1352 3200 Qtsic·

246 3232 295 3278 tes.
753 3240 757 3246 ’
820 3225 882 3290 quid
893 3225 960 3274 euim
972 3223 1059 3274 fuerat
1069 3223 1169 3287 insigne
1181 3224 1251 3288 apud
1270 3227 1352 3275 Nero·

278 3310 289 3333 ⁸
313 3304 447 3353 Neronibus
471 3311 494 3354 er
518 3305 621 3368 Drusis]
651 3304 780 3369 Intelligit
818 3318 865 3354 nes
876 3310 904 3352 et
914 3305 1025 3366 Drusus,
1037 3303 1070 3351 ad
1082 3301 1171 3351 Silium
1186 3304 1353 3354 transtulerat

246 3378 380 3442 praecipue
402 3380 518 3430 Drusum
540 3381 619 3430 filium
645 3381 727 3431 Liriae
750 3386 780 3430 et
818 3381 1115 3443 Messsllinu,tauunam
1126 3378 1352 3441 pretiumetmer·

245 3453 392 3519 privignum
403 3455 525 3520 Augusti,
540 3458 625 3520 ipsum
634 3456 779 3521 liberium,
819 3458 909 3509 oedem
922 3457 1051 3506 adulterii.
1075 3455 1198 3505 Ferretus.

246 3529 290 3591 qui
300 3531 366 3579 Nero
374 3531 469 3594 dietus,
475 3541 504 3583 et
511 3532 590 3584 fillum
599 3536 653 3598 ejus
661 3534 778 3597 muer,
822 3556 828 3563 -
850 3540 864 3566 ¹¹
879 3533 961 3582 Perseo
972 3529 1122 3593 serboseeit]
1139 3529 1247 3580 Sueten.
1258 3531 1351 3581 Claud.

245 3604 429 3657 Germanicum
439 3609 527 3658 Druso
538 3609 663 3672 genitum,
673 3616 700 3658 et
711 3608 777 3658 lilios
817 3614 858 3660 26.
884 3606 1126 3671 ‘confirmavitque
1153 3620 1202 3669 pro
1229 3607 1353 3657 concione

243 3679 334 3744 ipsius,
355 3695 463 3746 quorum
490 3685 680 3734 vetustissimus
705 3686 777 3748 Nero,
817 3684 888 3750 apud
905 3683 1088 3748 pretorianos,
1100 3687 1228 3746 qusteuus
1239 3681 1289 3730 sibi
1300 3696 1357 3731 ms·

244 3758 594 3809 slterDrususvoeabantur.
815 3762 936 3812 trimouia
958 3760 1025 3811 male
1046 3760 1179 3822 oederent,
1202 3767 1356 3822 permanseri
1400 3786 1403 3793 ·

277 3834 357 3884 Forte
368 3842 395 3884 et
407 3833 541 3885 Claudiurn
558 3836 651 3899 ipsum,
664 3834 707 3899 qui
724 3833 776 3885 fre·
816 3851 872 3887 rum
883 3851 911 3886 se
928 3836 955 3885 in
972 3835 1112 3897 coelibstu3
1128 3834 1218 3884 acnisi
1234 3849 1353 3899 persnas·

244 3914 286 3960 ter
297 3910 464 3973 Germanici3
481 3918 509 3961 et
524 3911 606 3975 ipsius
625 3910 715 3974 filium,
731 3912 776 3976 qui
815 3912 901 3975 sisset,
911 3926 963 3961 uon
981 3914 1158 3963 recusstnrum
1173 3910 1279 3961 confodi
1298 3927 1354 3962 sns-

243 3985 300 4035 fsto
326 3987 464 4038 immaturo
492 3988 623 4051 Pompeiis
644 3988 776 4037 extinctus
816 3990 890 4039 nibus
908 3989 1032 4052 ipsorum.
1053 3989 1130 4038 ·Nec
1149 3986 1243 4037 durare
1261 3987 1366 4052 relisit,¹

243 4068 300 4111 est:
317 4064 362 4112 vix
379 4064 511 4128 intelligat
529 4064 591 4112 alios
610 4063 777 4127 antiquiores,
816 4066 877 4130 quin
888 4067 922 4117 de
933 4064 1123 4117 conditionibus
1139 4066 1264 4116 continno
1280 4070 1352 4115 troc·

244 4138 287 4203 qui
315 4139 450 4203 imperium
472 4156 523 4190 nou
550 4141 733 4205 degustarent,
747 4145 777 4190 et
816 4141 903 4192 teret!

238 4219 351 4283 quorum
363 4217 426 4267 viles
437 4223 483 4267 sut
498 4216 686 4279 obsoletsejam
695 4227 778 4280 opes,
