3075 4917
172 365 326 430 u-c.ss,.1=
428 399 430 403 .
534 339 838 428 aurasiensis.
862 360 914 411 vr.
1217 347 1287 420 εει

170 509 254 583 rent,
277 505 441 570 verentur:
484 500 595 566 Nobis
619 498 785 586 pleraque¹
815 499 917 586 digna
945 504 1078 587 cognitu
1102 503 1282 590 ,ebionem

170 621 365 690 quanquam
380 605 424 668 ab
439 603 516 668 aliis
531 603 744 675 incelebrata.

171 775 176 792 τ
215 706 248 772 8.
272 706 362 770 Nam
383 725 426 769 ea
446 710 651 788 tempestate,
667 725 737 789 qna
758 706 873 794 Sejaui
888 707 1069 774 amicitiam
1083 709 1184 774 ceteri
1195 702 1282 780 falso

169 816 339 886 exumant,
362 826 464 871 ausus
485 812 538 871 est
561 807 675 890 Eques
700 809 886 886 Romanus,
902 808 953 874 M.
968 807 1155 888 Terentius,
1175 812 1220 876 ob
1244 809 1282 878 id

170 919 258 987 teus,
279 909 447 993 amplecti,
471 909 515 975 ad
534 909 621 972 hrmc
644 909 780 973 modurn
795 908 896 993 ,apud
919 908 1077 973 Senatum
1100 911 1279 999 ordiend03

172 1008 355 1073 ‘Fortunae
370 1006 503 1093 quidem
522 1027 607 1073 meae
626 1008 765 1073 fortasse
786 1011 895 1073 minus
913 1009 1084 1093 expediat,
1104 1031 1282 1093 agnoscere

171 1101 307 1188 crimen,
322 1129 424 1194 quam
439 1109 600 1175 abnuere:
624 1110 698 1188 sed,
715 1115 892 1193 utcumque
913 1131 1035 1175 casura
1050 1131 1103 1175 res
1122 1119 1185 1192 est,
1199 1113 1281 1184 fate-

171 1213 244 1308 bor,
259 1217 292 1277 et
305 1212 410 1276 fuisse
424 1219 499 1274 me¹¹¹
514 1212 636 1297 Sejano
656 1214 814 1291 amicum,
837 1219 880 1291 et,
900 1219 939 1278 ut
958 1233 1078 1292 essem,
1096 1219 1278 1299 expetisse,

172 1319 216 1391 et,
234 1318 413 1397 postquam
434 1311 575 1395 adeptus
597 1333 698 1391 eram,
721 1313 885 1379 laetatum.
928 1313 1090 1390 Videram
1113 1317 1279 1399 collegam

170 1416 299 1498 patris¹¹
312 1414 463 1498 regendis
478 1412 654 1477 Praetoriis
668 1414 880 1494 cohortibns3
902 1433 983 1478 mox
997 1415 1089 1479 urbis
1103 1422 1136 1480 et
1147 1417 1277 1494 militiae

168 1517 287 1580 munia
300 1515 400 1580 simul
414 1516 608 1579 obeuntem:
630 1515 719 1577 itlius
733 1515 912 1598 propinqui
927 1520 959 1579 et
973 1513 1087 1579 affines
1099 1509 1279 1585 honoribus

172 1619 392 1699 augebanturt
425 1622 462 1680 ut
491 1617 633 1699 quisque
659 1615 783 1699 Sejano
811 1617 959 1693 intimus,
987 1617 1035 1679 ita
1062 1617 1106 1681 ad
1130 1605 1279 1706 Caesaris

76 1748 81 1762 ·
170 1717 352 1782 amicitiam
365 1716 516 1781 validus:
539 1722 662 1794 contra,
690 1717 811 1799 quibus
833 1716 979 1780 infensus
1003 1723 1102 1797 esset,
1122 1725 1212 1784 metu
1235 1739 1279 1787 ue

170 1802 326 1883 sordibus
339 1818 630 1882 conflictabantur:
653 1836 714 1882 nec
741 1836 930 1901 quenquam
952 1818 1110 1901 exemplo
1122 1837 1277 1887 assumor

173 1924 322 1996 cunctos,
338 1918 395 2002 qui
407 1919 582 1984 novissimi
607 1917 737 1981 consilii
751 1923 907 2001 expertes
926 1916 1064 1996 fuimus,
1088 1938 1163 1983 meo
1177 1921 1279 1987 unius

172 2119 370 2191 sesyremcrcrrt,
387 2130 415 2165 oe
431 2120 570 2177 aanor.
602 2115 679 2166 Nobis
695 2116 799 2180 ptssrisrn
817 2113 924 2177 cbts‘gm
940 2114 1004 2165 scitu
1019 2114 1102 2181 digua,
1117 2115 1212 2167 &stab
1222 2118 1280 2186 uliiq

208 2244 300 2310 Quippe
310 2258 337 2292 eo
354 2247 466 2306 tempore,
477 2258 521 2307 quo
536 2245 610 2293 ceteri
619 2242 796 2294 disdmstostcr
806 2242 907 2307 inficiati
917 2246 985 2291 aaut
996 2241 1079 2302 Sorai
1089 2241 1281 2314 benevolentius,

170 2307 213 2357 Μ.
226 2308 350 2356 Terentius
359 2322 427 2369 eques
437 2308 506 2357 Rom.
517 2307 545 2355 ob
555 2308 582 2356 id
593 2311 788 2368 ommutescere
797 2321 923 2367 warum
932 2320 1001 2356 uuus
1012 2309 1058 2368 est,
1067 2310 1092 2354 et
1109 2307 1134 2355 r'rr
1151 2307 1211 2356 taso
1226 2323 1279 2359 scu·

169 2373 347 2434 *cumopud
359 2378 443 2434 potres
460 2372 580 2421 disseruit.
612 2372 691 2420 Forte
703 2371 808 2436 quidem
820 2370 903 2419 suiuus
919 2371 1048 2420 conducat
1065 2370 1144 2419 saluti
1163 2372 1279 2436 meisque

171 2434 261 2498 rebus,
281 2435 356 2484 fateri
374 2435 469 2497 scelus,
485 2449 562 2500 quum
580 2434 700 2485 inficiari.
738 2433 792 2486 Sed
814 2433 937 2499 quicquid
956 2433 1106 2497 contigerit,
1128 2449 1279 2500 agnoscam,

171 2513 223 2558 nec
234 2497 374 2559 diffitebor,
384 2498 465 2548 tuisse
476 2513 518 2548 me
534 2500 628 2563 Sejnno
644 2499 763 2560 amicum,
782 2504 809 2546 et
828 2507 859 2547 ut
877 2513 970 2560 essem,
989 2503 1143 2560 exoptmse3
1161 2505 1189 2548 et
1200 2507 1279 2563 post-

193 2578 251 2613 uem
262 2562 434 2626 obtinueram,
447 2577 489 2612 me
541 2564 623 2612 risum
640 2577 707 2612 esse.
738 2563 922 2625 Spectavernm
939 2561 1012 2609 illum
1031 2561 1106 2609 simul
1124 2575 1183 2611 oum
1200 2569 1278 2626 petre

173 2580 301 2678 §trahone
312 2626 468 2691 praetoriano
479 2627 514 2676 nri
525 2627 556 2676 iti
567 2624 736 2691 praefectum
754 2641 814 2674 mox
825 2624 893 2674 dorni
905 2625 1017 2689 bellique
1028 2624 1116 2674 munia
1124 2625 1278 2689 pariter'exss

172 2698 316 2742 erceutem.
349 2691 423 2740 Illius
430 2690 614 2755 consanguinei
624 2688 766 2754 affinesque
777 2689 811 2738 nd
823 2689 962 2753 dignitates
971 2688 1160 2751 evehebantur3
1172 2697 1203 2740 ut
1211 2692 1281 2756 quis·

174 2770 225 2820 qne
236 2755 329 2819 Sejauo
341 2755 448 2815 emices,
458 2756 498 2803 ite
507 2755 591 2819 princi
611 2754 633 2802 is
650 2755 736 2816 gratio
748 2753 937 2817 prepollebet3
954 2758 1053 2816 contre,
1064 2753 1157 2817 quibus
1168 2754 1281 2806 iniectus

171 2825 254 2882 esset,
269 2832 375 2883 pavore,
387 2820 514 2882 squallore
525 2824 554 2867 et
570 2770 679 2867 mlseriis
696 2817 898 2867 direxahautur.
932 2817 1070 2867 Neminem
1087 2818 1114 2867 iu
1131 2821 1280 2885 exemptum

170 2883 333 2949 acceperim
350 2896 408 2933 rnen
419 2884 493 2933 unius
505 2882 622 2946 ponente
633 2880 741 2942 tutabor
750 2896 850 2945 omues,
861 2881 906 2946 qui
921 2881 1046 2947 postremi
1061 2879 1182 2960 tremoris
1202 2883 1280 2949 culpe

671 3047 781 3115 nore

207 3168 226 3195 ¹¹
242 3160 354 3225 Fatebor,
372 3165 396 3211 st
407 3161 487 3221 juisse
503 3159 551 3224 sue]
566 3161 634 3210 'l'ota
651 3159 707 3212 haec
747 3173 784 3212 es.
816 3158 881 3212 Quis
904 3158 972 3209 enim
990 3157 1055 3207 nlius
1074 3155 1172 3223 effecit,
1194 3164 1223 3209 ut
1245 3145 1280 3212 ad

172 3236 293 3307 Terentii
301 3237 395 3301 oratio,
404 3243 435 3288 ut
444 3243 473 3288 et
482 3252 569 3299 came,
580 3235 709 3286 simillime
746 3232 877 3285 Philotam
904 3234 1081 3297 decurrerent,
1103 3234 1148 3299 qni
1175 3235 1281 3299 placere

172 3320 216 3363 est
225 3312 265 3368 uti
275 3311 398 3376 Amyntae
416 3313 486 3379 apud
498 3312 617 3363 Curtium
628 3310 644 3360 l.
654 3323 707 3361 vn.
747 3311 847 3361 vellent
857 3310 906 3361 tibi
916 3311 926 3359 t
944 3309 987 3359 Ab
997 3309 1042 3359 illo
1054 3308 1155 3374 traditi,
1166 3310 1199 3361 ed
1211 3311 1281 3364 hunc

175 3385 426 3438 ermemmarus
446 3387 707 3452 eliquotsnnt,quee
745 3386 855 3450 madum
882 3385 1005 3436 euricitiae
1033 3392 1084 3436 tuae
1106 3387 1279 3444 escendimus.

174 3453 247 3532 dicas
258 3462 328 3513 illinc
340 3463 469 3513 translata
479 3476 544 3513 esse.
746 3459 775 3510 Is
787 3460 856 3525 apud
868 3467 896 3512 te
907 3459 966 3524 fuit,
977 3461 1051 3525 cujus
1068 3468 1097 3512 et
1113 3463 1222 3527 gratiam
1237 3479 1281 3516 ex·

209 3538 278 3588 Nem
306 3535 433 3602 Amyntas
460 3538 513 3589 its:
540 3536 708 3588 ‘Amicitiam
746 3542 839 3601 petere
850 3541 878 3586 et
895 3535 960 3588 irum
971 3536 1064 3587 timere
1075 3539 1227 3601 possemus?
1243 3540 1281 3590 Et

174 3625 236 3678 quse
244 3611 318 3661 nobis
331 3626 391 3661 cum
399 3612 505 3664 Philota
515 3612 576 3675 suit,
583 3612 649 3663 adeo
656 3627 708 3662 uon
746 3625 807 3662 mox
818 3628 825 3662 r
840 3613 848 3640 ‘
860 3611 946 3675 Igitur
957 3612 979 3661 si
989 3613 1038 3676 hnc
1049 3615 1149 3662 crimen
1159 3618 1208 3676 est,
1220 3627 1282 3677 psu-

172 3685 287 3760 ipficior,
306 3693 336 3737 nt
355 3688 514 3752 expetivisse
534 3702 636 3754 quoque
652 3703 709 3752 nos,
748 3702 793 3737 cos
809 3689 958 3738 innocentes
973 3687 1064 3749 habes,
1080 3689 1157 3736 immo
1173 3687 1280 3738 hercule

172 3776 333 3829 magnosque
344 3779 377 3814 ex
393 3778 425 3814 es
439 3764 541 3815 tructus
559 3765 709 3829 percepisse
747 3764 886 3817 neminem.
908 3764 1007 3814 Omnes
1017 3765 1085 3815 euim
1097 3763 1209 3814 Philotae
1218 3764 1282 3813 emi·

174 3836 311 3924 equtitear.
354 3839 397 3888 An
429 3854 489 3912 vero
522 3839 710 3903 Parmenionis,
749 3839 775 3888 ci
785 3855 841 3890 esse
852 3839 1005 3890 voluerunt:
1022 3839 1069 3887 sed
1088 3838 1196 3888 totidem
1216 3827 1281 3903 quot

172 3927 254 3982 quern
265 3913 315 3963 tibi
332 3914 476 3978 proximum
487 3929 544 3965 esse
559 3914 671 3978 voluisti,
680 3913 710 3963 ti·
748 3915 882 3977 volebant,
899 3925 955 3965 esse
974 3928 1026 3963 non
1045 3919 1172 3977 poterunt.
1204 3905 1282 3966 Itesi
1360 3939 1364 3948 ¹

172 3992 239 4063 trum
251 4004 348 4051 omnes,
357 4005 432 4056 pene
444 3992 539 4042 amicos
554 4000 612 4042 tuos
622 3990 711 4056 digna-
750 4008 766 4042 a
776 3993 886 4043 consciis
903 3990 998 4041 nudem
1013 4004 1064 4040 non
1075 3988 1177 4055 dividis,
1186 4005 1235 4041 nec
1245 3990 1281 4044 sb

176 4067 250 4138 tione
261 4063 418 4130 vincentem,
428 4067 638 4118 cultumnnobis
654 4081 711 4117 esse
750 4063 839 4117 rumicis
861 4067 964 4131 quidem
991 4064 1122 4129 separabis
1148 4065 1215 4134 illos,
1234 4061 1281 4136 qut

175 4139 296 4190 irritaris?
317 4143 355 4190 Tu
364 4142 478 4205 hercule,
485 4142 508 4192 si
520 4157 609 4191 verum
619 4141 711 4191 audire
749 4140 1050 4196 idemesserolueruut.’
1072 4140 1178 4205 lipsius.
1247 4141 1278 4168 ·»”

175 4217 228 4281 vis,
245 4221 308 4278 rex,
318 4215 396 4280 hujus
412 4209 486 4266 nobis
503 4213 615 4282 periculi
631 4232 712 4272 ceusu
783 4213 908 4283 ¹¹'Petrr's]
922 4213 1131 4272 Seustrrbooh.

236 4295 368 4366 ,neptes
381 4297 517 4350 uectae
707 4296 786 4350 Tm.
1155 4298 1215 4350 ⁸K
