3075 4917
198 365 352 444 uersu
556 363 762 452 auusorun
787 374 962 424 arnan·
1213 357 1302 425 1062

197 521 256 585 ari
267 519 469 604 proavique,
478 508 648 583 hostilium
659 519 831 583 nationum
846 518 971 595 Duces,
983 518 1149 583 exereitus
1160 516 1300 598 nosnoss‘

198 622 284 686 ferro
305 623 419 704 vique²
444 618 643 700 ceciderint;
671 620 716 684 D.
732 619 875 714 (luliumu
898 619 989 706 apud
1016 619 1180 685 Alesiam'
1203 620 1300 685 obse-

197 722 317 789 derint.
333 722 515 788 'Recentia
529 721 622 785 haec:
645 721 726 805 quid
742 723 772 785 si
786 722 966 786 memoria'
978 742 1091 785 eorum
1105 722 1298 799 inoriretur,3⁴
1368 727 1371 731 '

197 887 436 952 madragorarum
447 888 564 953 majores,
574 888 727 940 infestarum
739 892 854 953 gentium
866 889 954 950 doces,
963 873 1061 938 strictis
1071 887 1164 950 gladiis
1183 885 1299 949 legiones

197 954 530 1002 nostrasadiuteroeoioocm
547 954 700 1018 occiderint,
717 965 745 1004 et
763 956 861 1004 Dirum
880 954 976 1005 lulium
994 950 1210 1001 circumsederint
1223 950 1300 1012 apud

199 1014 329 1066 Alesiam.
355 1018 464 1081 Nupera
472 1018 541 1078 haec3
558 1020 599 1068 sed
610 1020 672 1083 quid
684 1020 706 1069 si
718 1019 917 1069 obversarentur
935 1017 1027 1066 animis
1044 1017 1062 1065 il
1072 1015 1117 1081 qui
1128 1015 1258 1082 Capitolio
1270 1022 1299 1066 et

659 1152 837 1173 Nenenene

198 1312 200 1316 Ι
230 1249 381 1299 anano.
399 1248 795 1313 Puteolanosfmolguigse.-t
813 1251 944 1300 Nullosin
962 1252 1059 1302 Tacito
1066 1250 1300 1315 locusdeplorstes

197 1315 293 1377 magis:
311 1328 360 1363 nec
372 1313 448 1363 ullam
458 1314 574 1364 sanitatis
583 1328 655 1378 spem
666 1313 780 1363 aderunt
791 1316 882 1379 scripti
893 1316 1004 1366 codices.
1036 1317 1117 1368 Juvat
1128 1323 1214 1365 tamen
1224 1315 1301 1363 Vati·

197 1394 322 1430 canorum
332 1378 456 1430 librorum
468 1380 632 1441 scripturam,
645 1394 703 1442 quas
715 1378 806 1427 eadem
816 1385 856 1428 est
874 1381 900 1438 iu
919 1382 1014 1430 ceteris
1024 1381 1151 1439 omuibus,
1166 1379 1298 1442 exhibere,

196 1444 297 1493 atinde
306 1443 414 1492 eruditis
425 1443 587 1508 conjectandi
597 1444 632 1492 sit
643 1443 723 1491 locos.
741 1443 772 1491 In
781 1444 832 1493 Ms.
843 1448 916 1494 1864.
942 1447 950 1473 ‘
962 1444 1033 1497 Quid
1045 1446 1067 1494 si
1075 1444 1297 1508 memoriaeorum

195 1511 350 1567 moreretur,
358 1508 401 1571 qui
413 1507 541 1569 Capitolio
552 1515 579 1556 et
591 1522 636 1556 ara
646 1508 762 1556 Romana
773 1508 889 1558 manibus
900 1511 1040 1558 eorundem
1052 1524 1100 1573 per
1115 1523 1143 1557 se
1155 1509 1217 1557 satis
1227 1505 1296 1556 fru'e·
1369 1561 1371 1564 ,

196 1572 306 1648 rentum(
330 1570 361 1620 In
371 1573 419 1620 Ms.
432 1576 505 1648 1958,
522 1587 601 1634 supra
617 1572 882 1635 manuscriptum
895 1579 1035 1623 memoretur
1040 1589 1050 1631 ,·
1066 1576 1184 1648 locosper
1201 1573 1298 1647 assutis

194 1641 649 1763 ultramarinae}
662 1637 1298 1765 resultatura&iltlilitt‘it?

194 1769 250 1814 tum
262 1763 382 1826 referam,
393 1770 422 1813 ut
438 1779 470 1826 ep
481 1766 577 1827 probet
588 1764 726 1813 meliorare
737 1770 823 1814 tentet
832 1765 923 1828 lector.
956 1767 1115 1826 Puteolanus
1126 1764 1218 1828 edidit,
1231 1765 1297 1820 Quid

194 1828 574 1878 simemoriseoruminoriretur.
602 1827 1029 1879 Atverbnmiusoleosiuoriretar.
1055 1831 1123 1892 Nec,
1143 1841 1298 1879 comenen-

195 1892 292 1942 dantur
308 1894 457 1955 scriptores,
467 1907 532 1941 nova
543 1893 621 1941 verba
632 1892 804 1960 obtundenda.
829 1893 913 1943 Addit
929 1893 1152 1955 Cl.Cl1iffletius,‘
1165 1894 1209 1960 qui
1222 1893 1302 1956 Capi-'

195 1956 289 2006 toliuur
297 1966 324 2004 et
338 1970 424 2006 arcem
434 1958 583 2018 Romanum,
592 1957 706 2006 Deorum
716 1957 814 2019 sedem,
822 1958 954 2020 persecuti
964 1958 1042 2008 sunt!
1074 1958 1182 2022 Optime
1192 1957 1296 2021 quidem

195 2021 264 2070 uidit
275 2020 315 2070 Cl.
328 2019 620 2071 Clriffietiusalibrariis
631 2035 768 2085 perperam
784 2022 910 2085 scriptum
930 2037 974 2072 orn
992 2024 1100 2072 Romo
1119 2036 1231 2086 prooroe
1246 2021 1297 2070 Ro·

194 2100 274 2135 sooao.
308 2086 404 2135 Cetera
423 2085 527 2135 minime
547 2092 607 2134 sunt
625 2085 787 2135 Corneliana.
823 2085 900 2135 Haud
922 2084 1023 2136 felicior
1041 2088 1067 2138 J.
1085 2088 1128 2138 Fr.
1141 2086 1296 2148 Gronovius,

193 2148 274 2212 ‘qnid
295 2149 316 2197 si
335 2149 459 2198 memoria
477 2164 565 2199 eorum
586 2150 734 2211 inoriretor,
771 2148 797 2197 ui
818 2150 976 2214 Capitolium
995 2157 1024 2200 et
1040 2166 1126 2200 arcem
1137 2147 1294 2211 Romanam,

191 2212 321 2264 'monium
332 2214 475 2268 eorundem
489 2213 652 2277 prostratis?
669 2164 835 2282 subauditum
853 2221 939 2277 putat,
956 2215 1096 2277 cluderiat.
1131 2214 1195 2264 Haec
1212 2213 1300 2275 dura,

194 2292 244 2328 neo
265 2284 396 2342 prostrata
413 2286 473 2327 sunt
492 2278 614 2342 Capitolii
632 2278 736 2327 moenia.
760 2277 799 2327 Cl.
811 2276 961 2329 Lallemaud
979 2287 1068 2329 monet
1086 2280 1301 2343 legendumcuns*

186 2343 254 2393 '‘Jac.
266 2342 415 2394 Gronovio:
433 2344 441 2372 ‘
454 2343 524 2393 Quid
536 2344 557 2391 si
569 2344 693 2392 memoria
713 2355 802 2391 eorum
813 2350 990 2405 morerentur,
1006 2344 1050 2410 qui
1069 2358 1116 2407 pro
1127 2342 1256 2407 capitolio
1266 2349 1296 2392 et

190 2421 257 2457 arce
276 2408 392 2458 Romans
407 2407 524 2456 manibus
541 2409 680 2456 eorundem
698 2406 822 2470 prostrati
837 2409 915 2457 souti
931 2423 979 2471 pro
990 2408 1119 2473 Capitolio
1130 2408 1192 2457 idem
1202 2422 1251 2456 esre
1266 2423 1304 2460 aat

194 2471 443 2536 auteCapltoliurn.'
476 2472 527 2521 Sed
546 2471 749 2532 certemeuorio
763 2486 843 2519 em
856 2478 1004 2522 Μαρκίαν
1019 2472 1300 2536 etmoaldaaooraodeuu
1364 2486 1366 2490 ·
1404 2513 1407 2517 ,

191 2535 310 2600 prostrati
319 2541 373 2584 saut
383 2537 416 2584 ab
425 2550 471 2584 usu
482 2537 598 2600 styloque
604 2535 690 2585 Taciti
703 2535 823 2584 recedere
833 2536 895 2584 milri
903 2536 1036 2587 sidentur.
1052 2536 1186 2599 Displicet
1192 2550 1303 2599 quoque,

192 2601 320 2663 Ryckins,
337 2603 344 2627 ‘
357 2601 426 2652 Quid
436 2600 457 2648 si
468 2600 591 2650 memoria
602 2601 873 2664 eorunginnovaretor,
883 2601 928 2666 qui
938 2601 965 2649 ln
977 2600 1107 2665 capitolio
1125 2606 1153 2649 et
1165 2614 1224 2649 arce
1241 2600 1298 2649 nos

189 2679 270 2713 ruaun
279 2679 294 2714 a
303 2664 440 2728 uujosibus
454 2664 594 2725 eorundem
605 2664 745 2729 prostrati!
774 2666 857 2714 Neruo
873 2679 889 2715 a
909 2664 992 2716 Gallis
1002 2667 1028 2715 in
1041 2665 1171 2728 Capitolio
1181 2670 1301 2730 prostrag

101 2729 104 2732 ’
193 2735 245 2791 tus,
257 2728 485 2780 ‘convictoribus
497 2728 581 2778 Gallis
597 2737 674 2792 capta
686 2736 743 2779 tota
754 2729 829 2788 urbe,
841 2726 999 2793 Capitolium
1011 2736 1097 2779 nmen
1108 2736 1188 2794 atque
1204 2743 1301 2779 arcem·

192 2791 290 2856 Diique
307 2800 334 2842 et
343 2792 458 2842 homines
470 2794 579 2842 Romani
591 2793 733 2854 tenuerint,
743 2792 933 2856 habitauerint,'
946 2800 1015 2843 teste
1026 2794 1148 2853 Lirlo,'v.
1160 2797 1201 2843 51.
1229 2795 1301 2844 Voss

192 2858 234 2919 sii,
246 2856 356 2917 Heinsii,
368 2858 527 2921 aliorumque
546 2856 770 2908 emendationibus
787 2856 914 2923 abstineo,
925 2874 982 2923 quae
994 2859 1135 2909 Latinitate
1152 2864 1197 2907 ant
1215 2857 1299 2914 histo,

192 2921 371 2971 ricaredtste
382 2922 446 2971 satis
462 2919 625 2971 refelluntur.
659 2922 724 2971 Cum
740 2921 802 2970 nihil
820 2936 881 2985 ergo
901 2930 1061 2984 occurreret,
1079 2923 1149 2988 quod
1167 2923 1297 2985 placeret,

192 3001 242 3036 nec
254 2986 392 3051 quicquam
403 2986 459 3034 seui
468 3001 501 3036 ex
513 2986 636 3038 librorum
647 2987 778 3049 scriptura
785 2985 889 3035 extrudi
901 2993 998 3051 posset,
1007 2987 1068 3038 dum
1077 2987 1184 3036 meliora
1192 3000 1305 3035 suecos·-

191 3057 289 3115 terent,
301 3051 417 3116 suppleri
428 3066 505 3115 posse
521 3050 678 3115 existimavi,
698 3049 757 3115 quae
772 3064 857 3115 neque
874 3051 923 3102 lsoc
940 3052 1008 3114 loco,
1026 3065 1076 3101 nec
1093 3050 1179 3101 Taciti
1197 3058 1295 3113 mente,

692 3196 799 3250 NOTAE

223 3309 489 3376 tliscercitosuostros]
509 3311 608 3361 Narrat
617 3309 673 3361 tere
684 3323 724 3358 or·
761 3316 791 3361 et
810 3311 871 3376 qnia
889 3309 960 3375 apud
978 3309 1112 3360 cesarem
1130 3307 1187 3357 hnc
1209 3305 1293 3358 oratio

191 3383 253 3433 diue
279 3385 413 3435 Gallorum
440 3394 588 3436 nostrorum
607 3384 724 3438 facinora
761 3386 919 3446 habetatum
935 3386 1038 3450 etquis
1051 3383 1294 3434 obsessusaGallis

181 3462 298 3533 egregia
316 3461 439 3513 adversus
458 3465 596 3514 Romanos.
629 3463 723 3529 Itaque
761 3463 858 3515 nostris
869 3464 957 3518 Casar
973 3461 1042 3526 apud
1052 3460 1175 3525 Alesiam,
1189 3459 1245 3510 fere
1260 3475 1293 3512 eo

190 3539 233 3588 hic
244 3539 362 3603 intellige
377 3539 478 3601 Gallos,
489 3540 533 3604 qui
546 3539 683 3603 Caepiones
694 3545 723 3590 et
760 3542 871 3604 impetu,
882 3554 934 3604 quo
946 3539 1009 3589 olim
1021 3537 1186 3602 Capitolium,
1197 3536 1231 3586 de
1243 3550 1297 3603 (guo¹

191 3615 721 3682 exercitusRom.delererunt,anteqoaur
761 3615 851 3667 statim
863 3615 952 3665 tradit.
1293 3639 1297 3649 r
1324 3629 1329 3633 ·

192 3692 281 3741 Caesar
287 3691 388 3742 Gallias
403 3692 547 3755 invaderet,
558 3694 602 3758 qui
613 3700 642 3743 et
652 3693 721 3757 apud
794 3699 806 3727 ¹
820 3691 939 3754 Abuca]
956 3689 1059 3752 Alexio,
1068 3690 1129 3739 urbs
1139 3687 1294 3738 Mandubio-

190 3763 304 3815 Alesiam
316 3766 447 3828 obsessus3
468 3768 529 3817 delo
540 3776 568 3819 et
580 3770 722 3819 vetustissi-
762 3765 819 3820 rada
842 3770 1006 3833 populorum,
1028 3767 1055 3814 ln
1076 3765 1165 3814 AEduis
1191 3764 1294 3829 populis

191 3855 247 3891 mos
255 3840 344 3891 Gallos
353 3844 466 3894 Senones
475 3851 604 3906 recenset,
615 3846 660 3908 qui
672 3845 723 3895 Ro·
761 3845 943 3909 Lugdunensis
958 3843 1062 3905 Primae,
1082 3842 1174 3892 Gallio
1192 3840 1298 3904 provino

188 3916 257 3982 *mani
268 3915 349 3981 ipsam
361 3931 466 3981 cepere,
475 3925 503 3967 et
509 3920 666 3983 Capitolium
675 3934 723 3984 per
762 3919 829 3972 cisa:
842 3921 919 3970 hodie
929 3918 1012 3979 Aliae,
1022 3916 1117 3979 burgus
1129 3923 1227 3966 tractus
1238 3916 1297 3972 Αιιι,

192 4001 295 4058 septem
305 4010 407 4045 meuses
419 4008 614 4059 oppugnavere.
761 3997 829 4058 xois,
846 3997 875 4046 in
894 3998 1001 4046 Ducstu
1021 3993 1186 4056 Burgundiae.
1221 3993 1294 4048 llll&

225 4075 236 4101 ¹¹
259 4070 295 4120 D.
308 4070 414 4134 duliam]
440 4071 578 4135 Praecipue
598 4080 723 4123 memorat
761 4072 862 4124 Μὶν.

190 4145 259 4195 hunc
270 4146 435 4212 obiter,quia
446 4145 725 4214 lpsepraecipuornllo·
794 4155 811 4181 '
828 4149 893 4203 Quid
909 4148 932 4197 si
950 4144 1073 4209 umis]
1094 4145 1138 4196 Sic
1152 4146 1299 4217 legendi-uu,x

190 4221 262 4275 arani
270 4221 372 4288 imperii
382 4223 483 4275 conditi
494 4230 576 4288 caput
586 4230 614 4274 et
624 4223 722 4288 deeus3
760 4232 841 4289 puto:
859 4226 926 4283 Quid
942 4224 965 4275 si
981 4223 1093 4275 amaa
1103 4221 1294 4275 omniaom-
