3075 4917
145 369 285 432 ueuu
499 356 708 412 aunemuu
734 356 808 404 nra.
827 357 883 405 xi.
1183 307 1252 404 aaa

144 501 502 588 exercitatur-uuanda
523 501 657 586 'genitus
679 494 847 577 Vieu'nae,h
870 493 1052 576 multisque
1070 498 1105 560 ct
1131 492 1253 560 validis

147 606 457 695 propinquitatibus
477 598 653 680 subnixus,
675 602 809 670 turbare
827 599 965 683 gentiles
978 598 1129 662 nationes
1143 616 1257 681 prom·

136 720 223 778 ‚tum
233 707 415 788 haberet'g
433 704 480 770 At
495 704 670 777 Claudius,
692 702 774 768 nihil
792 702 880 766 ultra
891 703 1072 776 scrutatus,
1086 699 1163 762 citis
1176 711 1254 763 cum

147 804 322 889 militibus„
337 815 496 892 tauquam
519 804 736 890 opprimendo
760 804 861 878 bello,
877 801 1078 883 Crispinum,
1099 798 1255 864 Praetorii

146 911 352 998 praefectum,
366 911 476 975 misit:
511 926 614 992 aquo
633 907 784 989 repertus
809 909 859 968 est
874 899 966 985 apud
980 897 1255 978 Baiasjuinctis·

152 1015 227 1100 quc)
238 1015 364 1091 inditis,
379 1015 414 1077 in
427 1013 682 1093 uruemraptus.
727 1003 730 1010 ’
1108 1063 1111 1070 .

152 1130 157 1138 ·
195 1115 228 1184 2.
251 1114 374 1199 Neque
388 1114 471 1178 data
485 1111 628 1188 Senatus
643 1110 745 1193 copia
756 1104 780 1174 εις
801 1109 887 1173 intra
901 1105 1094 1170 cubiculum
1107 1103 1255 1181 auditur,

152 1283 361 1373 quandoquidem
370 1300 446 1345 uatus
457 1295 577 1358 lienum,
588 1299 617 1344 et
635 1292 717 1344 fultus
734 1292 769 1343 ibi
785 1290 900 1357 plurimis
913 1288 1044 1353 firmisque
1059 1285 1256 1363 necessitudini·

149 1363 209 1423 bus,
219 1360 295 1411 facule
307 1368 395 1425 posset
413 1374 575 1410 commouere
591 1364 775 1412 conterraneos
787 1358 906 1421 populos.
938 1354 987 1403 Sed
1005 1351 1257 1426 Cloudmumlulam·

146 1427 212 1489 ptius
219 1430 393 1489 praeunctum,
410 1425 477 1473 misit
495 1423 633 1487 Crispinum
651 1423 788 1486 proescctum
798 1420 908 1484 praetorii
926 1432 1085 1481 cumpropero
1097 1416 1183 1476 ordita,
1194 1416 1259 1490 uelut

149 1493 182 1539 aa
192 1491 381 1567 extinguendum
389 1488 492 1547 benum
507 1493 557 1537 et'o
565 1487 679 1551 prosecta
688 1488 799 1536 incautus
807 1490 844 1534 est
853 1485 918 1548 aprici
926 1483 1011 1546 Boius,
1020 1480 1158 1544 injectisque
1169 1484 1259 1528 catenas

150 1557 517 1684 &gammam
527 1630 613 1666 cautae
625 1615 744 1667 dicenda
755 1615 819 1677 opud
829 1613 927 1677 Patres,
943 1611 971 1662 ia
986 1609 1090 1660 cubiculo
1102 1608 1259 1666 Caaariaia-

617 1726 798 1754 areamque»

151 1793 248 1859 visum)
269 1763 315 1845 se⁸d
332 1794 400 1844 idem
413 1792 577 1844 revocaritbr
588 1792 705 1842 mucione.
728 1788 860 1840 'Necdum
870 1801 943 1863 vero,
952 1786 1003 1837 ista
1012 1785 1039 1835 iu
1057 1783 1165 1835 musso
1180 1784 1212 1835 P.
1223 1784 1258 1833 R.

150 1861 215 1929 ulim
223 1859 379 1923 uocfferaus,
388 1873 418 1910 se
428 1865 561 1909 auctorem
573 1855 651 1907 cadis
662 1855 747 1905 fassus
757 1860 824 1904 erat.
833 1854 952 1906 *Barac

656 1949 764 2003 NOTAE

151 2049 194 2095 tas
214 2043 350 2109 jnciuntur
366 2041 451 2094 didita
477 2040 586 2107 partes!
626 2040 688 2090 Vir·
727 2049 848 2114 phimum
865 2043 1016 2111 provincie,
1033 2041 1062 2096 in
1081 2059 1162 2110 regno
1180 2039 1260 2100 Fran.

152 2115 246 2186 'giliusz
267 2120 448 2185 ‘cognatique
464 2125 562 2184 patres,
578 2123 624 2167 tua
634 2122 687 2167 ter·
727 2126 784 2176 cim,
803 2124 925 2175 wem.

150 2197 189 2250 tia
217 2197 302 2247 didita
328 2197 408 2262 fama,
436 2196 599 2259 conjunxere
622 2191 689 2244 tibi!
762 2201 871 2263 V'mnae]
887 2200 1049 2249 Viennenses
1060 2205 1122 2249 tunc
1134 2198 1260 2262 temporis

151 2272 261 2339 lipsius.
726 2277 753 2325 vi
764 2283 793 2326 et
802 2276 895 2340 opibus
915 2273 1057 2338 praevalidi,
1071 2271 1260 2322 dominantibus

185 2349 275 2399 nuuc
295 2347 378 2411 semu]
402 2346 477 2411 virg.
495 2345 588 2398 '‘Tua
609 2345 686 2395 terris
726 2352 790 2417 ipsis
802 2351 993 2400 metuebantur.
1021 2347 1090 2398 Vide
1100 2346 1222 2397 Tacitum
1233 2347 1261 2396 in

152 2417 238 2473 didita
264 2421 351 2473 famu?
389 2421 518 2472 ‘Diditur
536 2422 578 2471 bic
600 2421 687 2470 subito
726 2427 901 2478 libriohistor.

152 2491 555 2565 Trojanaperagminarumorss
586 2497 639 2548 Alii
650 2504 687 2547 ta·
763 2501 873 2564 Vieauoe]
901 2499 1097 2550 Florentissima
1113 2504 1177 2549 tuuc
1193 2499 1263 2548 colo·

152 2590 213 2630 meu
221 2577 323 2641 legunt,
331 2578 421 2627 dedita.
727 2578 769 2629 nia
780 2578 830 2628 fuit
841 2578 934 2642 populi
950 2579 1025 2627 Rom.
1042 2583 1070 2627 et
1086 2576 1197 2625 maxime
1208 2589 1262 2624 me·

185 2653 278 2705 Diditur
289 2668 332 2716 per
344 2651 491 2715 muudus]
508 2651 560 2702 Hic
571 2654 641 2701 errat
651 2650 689 2700 iu·
728 2656 869 2704 tuebantur
884 2653 968 2703 coloni
980 2653 1014 2702 ob
1028 2652 1127 2702 vicinas
1146 2651 1262 2715 legiones

154 2733 259 2792 terpres
271 2728 389 2778 Gallicus
400 2734 428 2778 et
446 2729 491 2779 alii
510 2728 555 2793 qui
572 2732 687 2787 vertunt,
729 2731 1080 2794 Germanicas,qrrocutnquc
1088 2728 1264 2792 inclinassent,

153 2802 270 2854 deditam
288 2817 346 2853 esse
365 2807 410 2867 pei·
427 2803 564 2868 mouimus
582 2801 688 2866 sarnam,
728 2813 798 2857 teste
809 2804 1012 2856 Tacin‘bistor.

151 2891 215 2928 curu
224 2878 233 2908 ‘
242 2892 336 2942 parare
347 2878 400 2928 iter
416 2879 449 2928 ad
465 2879 634 2929 Germanicos
645 2894 689 2928 ex·
761 2878 958 2945 opulentissimi
965 2882 1001 2930 illi
1011 2879 1193 2944 provinciales,
1203 2893 1265 2943 qua·

153 2954 271 3005 orcitus!
305 2954 387 3004 Immo
406 2954 495 3004 dedita
517 2964 565 3020 per
586 2955 689 3020 provin·
729 2958 760 3008 lis
778 2957 829 3006 fuit
846 2955 977 3005 Asiaticus
994 2957 1087 3005 saltem
1103 2955 1263 3018 originaas·

113 3095 120 3102 .
156 3029 211 3080 cias
223 3037 281 3080 erat
292 3028 370 3094 fama,
385 3029 531 3081 Asiaticum
542 3034 550 3060 ⁸
561 3045 612 3079 nou
624 3029 689 3079 exti·
730 3033 895 3083 elabebantur
907 3032 990 3095 primo
1003 3031 1029 3079 in
1038 3031 1181 3095 civitatem,
1191 3037 1219 3081 et
1228 3030 1263 3080 ob

154 3102 252 3160 muissa
269 3105 297 3153 iu
316 3104 555 3170 concione-populi
580 3105 690 3154 Romani
730 3107 892 3178 nobilitatem
908 3117 960 3158 non
980 3109 1007 3157 in
1023 3108 1101 3172 plebe
1112 3107 1263 3170 manebant,

152 3178 246 3244 fateri,
267 3180 443 3245 gloriarnque‚’
473 3186 522 3231 &a
560 3179 642 3245 Simul
661 3185 690 3229 et
730 3185 778 3235 sed
794 3186 954 3249 iusquestre
968 3181 1103 3248 fastigium
1121 3184 1264 3234 eveheban-

154 3256 280 3306 monebat
291 3256 426 3306 Claudium
441 3256 565 3319 Sosibius,
581 3256 690 3306 cundem
731 3253 1267 3323 tur.Undedeinfacitisgradosadsenato-

155 3330 312 3393 Asiaticum,
330 3333 337 3360 ‘
349 3346 440 3395 parare
448 3333 502 3382 iter
512 3333 544 3382 ad
556 3332 692 3383 Germani·
731 3334 796 3385 riam
806 3335 969 3399 dignitatem,
979 3343 1008 3384 et
1017 3332 1075 3385 axin
1088 3335 1120 3385 ati
1129 3335 1265 3400 magistra.
1290 3331 1297 3346 “

157 3419 203 3456 cos
212 3406 363 3469 exercitus,'
374 3413 403 3457 ut
412 3408 534 3473 pavidum
545 3411 614 3458 ultro
622 3408 693 3473 priu-
731 3418 775 3462 tus
786 3411 877 3475 populi
889 3411 964 3459 Rom.
1255 3403 1259 3412 ’

156 3479 244 3545 cipem
256 3481 293 3532 sic
303 3488 459 3533 exterreret.
764 3481 868 3550 ¹Boius]
885 3486 969 3546 Baiae,
981 3479 1105 3550 oppidum
1116 3486 1264 3550 Campania

160 3575 164 3584 ·
190 3556 369 3620 Diditufumo]
392 3559 465 3608 Male
476 3565 592 3623 vertunt,
604 3573 694 3624 sparsa
733 3562 893 3627 provincias
930 3562 1007 3611 hodie
1041 3563 1103 3611 Baio
1130 3562 1265 3613 castellum

156 3629 235 3700 fama,
260 3630 407 3683 Asiaticum
435 3635 443 3662 ‘
463 3649 556 3698 parare
583 3636 634 3685 iter
660 3636 693 3685 ad
733 3638 825 3686 Terrae
844 3633 949 3687 Laboris
970 3637 996 3685 in
1017 3652 1063 3686 ora
1083 3642 1110 3686 et
1131 3638 1157 3684 iu
1184 3650 1265 3702 regno

158 3707 251 3760 Germ.
271 3708 421 3759 exercitus.5
443 3711 510 3761 Vult
529 3712 590 3761 tac.
613 3726 646 3761 ex
662 3725 694 3760 co
735 3713 925 3776 Neapolitano:
954 3720 1029 3776 paret
1039 3711 1108 3777 Regi
1119 3711 1265 3761 catholico.

157 3781 278 3833 facinore
293 3798 339 3833 sen
358 3782 519 3834 confessione
536 3786 633 3834 clarum
654 3786 693 3835 fu·
736 3790 861 3839 Tillemoo.
1036 3835 1039 3840 .
1111 3825 1113 3829 -
1255 3779 1260 3788 ⁴

156 3860 210 3911 isse
219 3860 283 3910 etin
291 3860 355 3911 urbe
363 3872 390 3910 et
399 3861 588 3924 in'provinciis3
600 3874 693 3924 nempe
767 3863 889 3927 uinclis]
900 3863 1003 3927 Nempe
1011 3862 1104 3911 dextra
1112 3876 1188 3912 mauu
1197 3862 1267 3912 vinc·

159 3936 223 4004 quia
244 3952 335 4001 sparsa
358 3936 479 4001 perillus
498 3951 529 3987 aa
543 3936 616 3987 sama
635 3937 693 3987 talis
734 3945 777 3990 tus
797 3940 918 3989 simulet
936 3939 1027 3987 eadem
1046 3946 1208 3987 carenacum
1219 3939 1267 3988 rni-

160 4010 434 4064 coufesslonist'uerat.
575 4006 579 4011 ’
734 4005 1130 4079 lite‚quimanusinistrasimul
1142 4013 1268 4064 constric-

191 4087 332 4158 Wienuoe]
355 4088 467 4149 Vienna,
490 4088 553 4138 urbs
575 4086 693 4139 Allobro·
734 4096 774 4140 tus
788 4089 849 4151 fuit,
860 4104 908 4153 pro
920 4103 995 4138 more
1007 4088 1182 4138 custodiarum
1192 4089 1268 4155 hujua

159 4155 223 4232 gum
235 4165 387 4229 populorum
406 4164 440 4214 ad
461 4164 612 4227 ltbodamrn
622 4162 696 4213 fluvi·
735 4164 795 4215 aevi.
819 4177 825 4188 ·

159 4245 215 4305 um,
230 4243 272 4299 in,
288 4241 458 4310 Lugduneusi
480 4240 580 4303 Prima,
596 4240 696 4291 'Galliae
740 4232 743 4242 ’
767 4238 1054 4304 ¹¹NeqaetlutuSeaotss
1067 4237 1268 4304 copioHntiac.

160 4315 314 4396 prouinciar
340 4316 419 4370 bodie
440 4315 539 4383 uasa,
553 4314 615 4369 urbs
633 4313 697 4369 Del·
737 4323 762 4374 t.
778 4317 867 4371 ‘Nam
882 4322 979 4370 cuneta
993 4316 1081 4384 legum
1092 4322 1122 4370 et
1133 4315 1270 4384 maguus·
