3075 4917
162 367 300 432 acea]
524 363 730 414 suaserunt
754 365 827 415 nra.
851 366 885 414 v,
1198 354 1273 425 851.

161 512 254 577 triste
281 511 340 574 iilo
363 510 417 574 die
439 512 617 592 patruum.
671 509 875 577 Ferebmtur
896 510 1013 592 etiam,
1035 514 1100 579 snb
1122 515 1264 581 nomini·

159 614 224 678 bus
244 611 488 689 Consularhm',
511 609 602 676 ficiae
619 610 654 674 in
677 611 836 694 Sejanum
857 611 1059 695 sententie?
1079 618 1263 685 exercenti·

161 716 227 780 bus
240 715 405 797 plerisque
427 731 486 795 per
508 713 685 791 occultum,
712 719 813 797 atque
827 734 868 778 eo
882 717 1072 800 procaciae,
1094 717 1264 787 libidinem

163 816 387 898 ingeniorum:
411 813 495 876 unde
509 813 556 877 iili
569 814 619 876 ira
633 815 817 892 violentior,
832 823 866 879 et
877 819 1034 881 materies
1045 819 1241 887 criminandi
1252 842 1270 887 :2

164 920 333 999 ‘spretum
354 915 501 978 dolorem
525 914 691 998 Principis
707 916 750 978 ab
775 915 916 981 Senatu:
940 917 1136 982 descivisse
1151 939 1262 1004 popu·

162 1018 252 1081 lum:
277 1016 383 1080 audiri
394 1015 468 1096 jam
481 1020 515 1078 et
528 1015 592 1097 legi
605 1033 714 1079 novas
728 1018 914 1095 conciones,
928 1038 1017 1083 noua
1033 1018 1170 1084 Panum
1183 1041 1262 1086 con·

162 1119 269 1185 sulter'
290 1118 371 1201 quid
395 1118 567 1200 reliquum,
589 1118 655 1183 nisi
668 1122 705 1181 ut
717 1125 874 1201 caperent
892 1118 1037 1185 serrumi
1060 1128 1261 1206 etquenam

160 1219 324 1301 imagines
337 1238 399 1302 pro
413 1219 546 1283 vexillis
561 1219 667 1282 secuti
690 1218 816 1297 forent,J
837 1221 952 1304 Duces
976 1222 1262 1308 Imperatoresque

160 1320 369 1402 deligerenti'
709 1399 715 1411 Ι

206 1425 240 1487 5.
262 1423 367 1505 Igitur
388 1421 516 1500 Caesar,
542 1423 690 1505 repetitis
714 1421 887 1486 adversum
912 1429 1067 1506 nepotem
1087 1429 1119 1487 et
1144 1445 1261 1491 nurum

161 1526 303 1610 probris,
318 1525 545 1607 increpitaque
559 1543 620 1606 per
634 1522 779 1587 edictum
794 1524 902 1606 plebe,
927 1533 1063 1609 questus
1079 1527 1169 1610 apud
1194 1527 1263 1592 Pa-

160 1632 239 1706 tres,
262 1626 375 1711 ‘quod
397 1624 513 1689 fraude
537 1625 635 1687 unius
660 1624 831 1688 Senatoris
857 1625 1078 1708 Imperatoria
1100 1629 1262 1714 mnjestas

157 1825 194 1875 sie
204 1826 265 1876 tuitii
274 1831 380 1876 moesium
394 1827 435 1874 iiio
445 1825 484 1874 die
499 1828 668 1888 perpetratum.
705 1823 869 1886 Vulgubuniur
884 1822 957 1871 etiam
972 1822 1098 1885 mppositoe
1113 1822 1139 1871 in
1150 1821 1261 1884 &mm

158 1891 291 1952 meante,
308 1890 400 1939 nomine
410 1888 576 1950 commuta,
593 1890 649 1937 dum
657 1889 763 1951 plerique
772 1888 896 1953 indulgent
910 1886 1052 1949 maneum
1062 1887 1209 1947 ingeniorum
1218 1903 1262 1951 per

159 1959 273 2004 amttam
281 1971 292 2013 ,·
306 1954 403 2017 ideoque
412 1952 572 2017 petulantiae.-
589 1954 649 2000 unde
659 1951 697 2000 iili
707 1954 746 2000 iro
756 1952 859 2000 ntronor
868 1956 892 1999 et
901 1950 1104 2015 oemfiageadi
1112 1952 1270 2015 drumm*

160 2018 274 2069 mm.-
291 2026 445 2067 contemtum
467 2017 590 2066 ultionem
607 2016 731 2079 principis
749 2015 916 2074 aPatribus;
933 2013 1059 2064 deiecisse
1078 2014 1192 2077 plebem,
1204 2016 1262 2078 jara

159 2083 246 2133 udiri
272 2083 427 2145 recitarique
445 2096 525 2131 nouas
537 2081 676 2141 orationes,
693 2094 761 2131 nova
773 2079 878 2128 decreta
893 2080 1015 2140 Patrnm3
1036 2079 1099 2142 qnid
1116 2093 1261 2143 superesse,

160 2147 211 2199 nisi
229 2152 258 2197 ut
269 2154 433 2210 capesserent
444 2146 531 2194 arma?
549 2152 577 2194 et
587 2159 696 2209 quorum
709 2141 807 2206 effigies
819 2158 866 2206 pro
876 2142 957 2206 signis
968 2150 996 2192 et
1013 2142 1106 2207 aquilis
1118 2142 1210 2192 sectati
1222 2159 1261 2194 es-

160 2218 230 2274 seut,
240 2212 319 2261 duces
330 2209 513 2275 principesque
525 2208 703 2258 assumerent?

193 2274 278 2338 Itaque
297 2275 414 2337 Tiberius,
431 2273 572 2322 instauratis
587 2271 724 2322 crirninibus
742 2273 853 2320 adamus
870 2271 987 2319 Neronem
1007 2274 1031 2318 et
1047 2269 1128 2332 Agrip
1147 2270 1217 2332 'nura
1237 2275 1262 2319 et

158 2339 267 2389 ineam
281 2354 326 2403 per
343 2340 446 2389 rdinum
460 2339 554 2402 populo,
570 2353 623 2385 mm
642 2337 812 2399 exundasset
828 2336 890 2398 apud
906 2339 1021 2396 semiana,
1037 2333 1105 2398 quod
1135 2335 1176 2384 oie
1189 2335 1262 2384 nulus

623 2474 800 2497 “cuonone

159 2576 316 2628 neren-e
341 2577 464 2640 Principis
484 2576 513 2625 ab
534 2581 632 2627 unctu:
653 2574 786 2627 deinum,
829 2574 872 2624 lta
890 2573 988 2637 optime
1006 2573 1126 2623 distinxit
1146 2572 1260 2687 Lipsius.

160 2642 304 2706 Perpetem
314 2642 459 2725 Beroaldus
469 2650 497 2691 et
508 2647 618 2698 veteres,
633 2640 761 2704 principis:
778 2638 808 2687 ni
815 2644 899 2688 uana
908 2638 1033 2688 dexiaim
1041 2639 1160 2702 populun
1193 2637 1261 2704 den,

659 2798 769 2850 NOTAE

193 2914 350 2980 'Seateniinj
364 2915 407 2966 Sic
416 2914 551 2979 lingebant
559 2914 613 2965 ilii:
631 2929 690 2964 curn
728 2912 788 2974 libri
800 2927 826 2964 v.
836 2918 961 2978 tanquam
972 2928 1006 2964 ex
1016 2914 1034 2963 i.
1046 2929 1084 2964 vr.
1103 2914 1172 2980 qnod
1182 2915 1262 2964 corri-

160 2990 275 3041 uondam
299 2991 362 3040 satis
386 2999 548 3054 compertum
570 2996 641 3039 essm
663 2988 689 3037 in
730 2989 850 3052 gendum.
1264 3031 1267 3037 .

161 3066 262 3129 vulgus,
279 3065 339 3128 qaid
359 3071 456 3124 aetum,
476 3064 537 3128 qnid
554 3063 690 3114 dietumin
762 3066 798 3113 Et
812 3079 845 3114 ex
863 3080 894 3115 eo
912 3066 962 3116 isto
982 3067 1038 3116 loco
1055 3066 1111 3115 lv.
1133 3065 1262 3117 inferebat

160 3148 253 3191 senatu
264 3147 333 3190 esset
351 3140 512 3202 aPatribus,
529 3140 591 3189 talia
610 3139 689 3203 finge·
729 3140 843 3204 Lipsius,
860 3141 969 3205 Equites
988 3142 1063 3192 Rom.
1082 3140 1264 3205 intensionis,

106 3274 113 3289 ,
160 3218 234 3279 bant,
245 3215 454 3280 exercebaturque
472 3215 577 3277 ingenia
596 3229 645 3277 pro
660 3214 691 3265 ii·
729 3217 757 3265 in
778 3219 977 3279 transvectione,
999 3216 1137 3279 imaginem
1154 3216 1263 3275 Gerana·

160 3292 256 3351 birine,
275 3292 322 3340 sed
341 3299 427 3340 tamen
444 3291 471 3339 in
482 3289 591 3341 exitium
601 3304 691 3339 eornm
730 3293 783 3341 nici
803 3307 850 3356 pro
869 3293 963 3342 uexillo
981 3300 1102 3352 sectatos,
1118 3298 1148 3341 ut
1167 3306 1261 3355 nempe

161 3381 225 3431 quos
236 3366 321 3417 sabos
331 3367 437 3426 veilent,
454 3379 535 3430 arque
549 3364 615 3415 adeo
624 3363 690 3415 levis
729 3368 841 3432 populus
852 3369 894 3419 bie
905 3369 1024 3432 requitur
1035 3368 1158 3432 imagines
1168 3364 1268 3433 Agrip

160 3449 201 3494 est
209 3444 356 3493 mortalium
375 3441 529 3507 prudentia:
547 3447 621 3491 tanta
634 3441 701 3509 libi»⁴
731 3443 836 3506 plueret
849 3444 961 3494 Neronis
973 3459 1022 3509 pro
1033 3445 1142 3494 vexillis.

158 3520 194 3569 do
204 3519 343 3570 exercendi
352 3519 475 3582 linguam,
485 3517 527 3566 vel
540 3516 636 3578 stylum
647 3515 690 3566 ad·
763 3518 841 3571 Quod
861 3525 948 3568 tamen
959 3534 1010 3568 nou
1021 3520 1089 3569 serio
1100 3521 1199 3571 dictum
1210 3520 1262 3571 Ta·

157 3610 247 3645 versus
257 3594 446 3659 imperitantes
579 3642 582 3649 ,
730 3593 795 3655 cito,
805 3594 852 3644 sed
861 3595 969 3644 relatum
981 3603 1101 3659 tanqnarn
1110 3595 1262 3644 ruminante

167 3700 171 3707 ·
190 3671 360 3735 liitffsoraor
370 3671 487 3733 imagines
500 3685 543 3732 pro
553 3669 646 3721 nciliis
655 3684 691 3720 se·
731 3671 834 3735 Sejano,
845 3671 913 3736 quod
925 3671 1022 3725 crimen
1034 3669 1133 3729 falsum,
1145 3677 1175 3718 nt
1190 3675 1263 3721 cetea

158 3748 209 3798 aet
225 3747 317 3810 feren]
343 3748 438 3798 (ibiter
456 3745 585 3797 annotabo
606 3745 691 3797 locunt
731 3756 761 3795 ru
771 3744 821 3797 siin
830 3746 936 3809 Sejaniz
952 3760 1001 3796 nec
1013 3745 1170 3810 sequebatur
1181 3758 1263 3808 popu·

159 3824 239 3874 istum
250 3825 355 3873 aliatum
373 3823 454 3873 inisse
473 3837 489 3871 a
506 3822 594 3885 Lipsic
613 3835 691 3884 supra
729 3823 769 3872 lus
787 3823 854 3872 tales
873 3824 999 3887 imagines
1017 3836 1063 3886 pre
1083 3822 1194 3883 vexiliis,
1215 3821 1260 3871 sed

158 3901 176 3948 i.
188 3903 267 3949 luat.
279 3899 324 3948 ubi
335 3900 422 3963 agitur
433 3900 466 3947 de
477 3898 617 3949 bonoribus
625 3898 691 3947 Ger·
731 3904 834 3951 iunium
844 3905 874 3948 ut
893 3899 1067 3949 instaurarent
1083 3897 1163 3948 decus
1176 3895 1261 3946 cnsa-

158 3973 262 4024 msuieo
273 3980 333 4038 post
348 3982 456 4025 mortem
474 3973 602 4024 decretisr
620 3974 689 4025 inter
731 3988 796 4036 rum,
822 3983 850 4025 et
872 3977 981 4027 salutem
1003 3974 1093 4025 domus
1116 3972 1262 4025 Germanici

159 4063 225 4114 qnos
235 4055 358 4115 equester
369 4050 433 4099 ordo
444 4049 567 4110 institnit,
584 4048 624 4098 uti
635 4056 689 4098 tur·
730 4057 903 4113 procurarent
912 4053 1118 4112 assererentque,
1127 4046 1202 4099 iestis
1214 4049 1262 4104 eti·

158 4139 209 4174 rate
227 4123 312 4174 idibus
326 4123 404 4175 iuliis
422 4123 559 4191 imaginem
576 4124 632 4187 ejus
650 4137 691 4173 se·
730 4139 771 4177 am
781 4125 808 4174 in
818 4125 1040 4190 ipsam'l'iberium
1051 4124 1187 4181 ominibus.

158 4199 691 4264 quereutm3aliutus,iuquam,biolocus
771 4266 775 4272 ,
1261 4192 1265 4201 ’
