3075 4917
177 402 326 468 mom,
526 398 909 466 annumeretur,
1219 390 1289 466 rit

178 541 368 608 socordiam
381 561 496 607 eorum
519 533 656 607 irridere
677 541 772 623 libet,
797 545 855 629 qui
879 544 1036 628 praesenti
1052 545 1200 629 potentia
1213 566 1285 612 ore·

177 642 266 707 dunt
276 644 428 727 extingui
440 663 543 729 posse
556 646 659 709 etiam
673 648 844 730 sequentis
859 649 925 712 aevi
938 647 1162 712 memoriam.w
1193 647 1285 713 Nam

176 743 304 824 coena,
329 746 455 830 punitis
477 747 645 829 ingeniie,¹
678 748 788 830 gliscit
804 749 1017 815 auctoritas:
1048 767 1157 833 noque
1179 748 1285 814 alind’

175 907 350 986 irridcrciuaat
359 911 454 961 ἱϋοηηι
466 877 591 987 caroniam,
603 912 643 974 qui
651 914 919 989 proceritatemne
930 889 1018 978 putori
1033 913 1122 963 aboleri
1136 928 1201 991 porca
1211 914 1284 964 ctiam
1330 905 1332 916 '

168 971 265 1031 fetura
274 978 356 1024 datar
366 980 515 1025 eramenta
522 992 533 1036 ,·
542 989 627 1040 qatppc
635 982 718 1027 cacam
729 980 841 1028 enuntia
847 980 943 1042 amia,
951 979 1034 1029 metri
1042 980 1198 1043 numqua
1204 979 1284 1044 fana,

676 1130 789 1181 NOTAE

174 1225 225 1276 lice
245 1224 359 1281 fuerant.
393 1227 489 1293 Itaque
506 1234 658 1278 manserunt
673 1243 711 1278 oc·
750 1227 886 1294 redomiti,
902 1235 930 1280 et
949 1246 965 1280 a
985 1244 1046 1280 vera
1062 1230 1136 1280 illum
1148 1230 1286 1283 vindicasti

175 1302 270 1364 ueni,
281 1301 468 1369 superfuerant
475 1305 545 1368 aditi,
556 1307 606 1371 qui
616 1320 711 1370 nempe
748 1312 844 1367 morte,
855 1306 1032 1366 acreatituiati
1042 1306 1069 1355 iu
1079 1307 1183 1371 publica
1193 1321 1283 1357 mona·

169 1379 227 1443 me
237 1379 264 1428 ln
274 1380 393 1431 manibus
411 1395 456 1452 eeu
471 1381 634 1431 bibliothecis
646 1383 711 1432 mul·
749 1388 837 1432 mcuta
849 1381 938 1445 libros,
949 1397 1013 1448 quoa
1024 1382 1064 1431 vir
1072 1382 1117 1432 ilic
1127 1381 1283 1434 fortissimae

174 1460 261 1505 torum
277 1456 426 1505 mortalium
443 1462 534 1506 erant:
558 1473 608 1522 quo
627 1460 710 1523 major
749 1459 876 1523 sanguina
901 1474 949 1509 auo
976 1459 1124 1523 scripserat.
1173 1459 1282 1522 Optime

175 1529 228 1583 mir
244 1532 363 1582 cocordia
374 1533 463 1597 Sejaui
474 1543 501 1583 et
516 1534 655 1586 satellitum
671 1536 710 1599 ip·
748 1534 867 1584 meruisti
878 1534 911 1584 dc
923 1536 1044 1585 Romania
1061 1534 1170 1595 etudile3
1189 1547 1283 1599 magua

175 1607 239 1674 siaa,
253 1608 298 1673 qai
309 1608 427 1672 extingui
439 1609 543 1673 ingenia
552 1624 628 1678 pocae
638 1609 710 1662 fumo
748 1611 852 1661 illorum
879 1626 939 1676 pare
973 1616 1087 1661 arserat:
1122 1611 1221 1677 optime
1248 1612 1283 1663 de

173 1682 219 1733 illo
229 1684 342 1734 evanido
354 1677 492 1747 putabant.
748 1688 872 1751 parterii,
884 1687 917 1736 ad
929 1703 995 1752 quoa
1011 1688 1116 1738 veuienc
1131 1688 1283 1752 incorrupta
1385 1699 1390 1711 '

172 1763 174 1768 '
206 1767 219 1792 '
236 1760 319 1825 ΕΜ]
346 1761 463 1811 Fuerunt
484 1768 570 1811 tamen
599 1763 643 1828 qui
663 1779 707 1813 eoa
748 1779 836 1814 rerum
851 1764 925 1829 fider,
942 1766 1041 1817 auctori
1058 1781 1104 1815 cuo
1124 1781 1217 1829 magua
1235 1767 1282 1816 im·

173 1836 319 1887 clanculum
330 1842 475 1899 servarent,
484 1846 513 1889 et
522 1840 707 1902 poeteadenuo
748 1849 842 1905 putata
851 1859 860 1900 ε,
875 1843 973 1907 optime
989 1842 1022 1892 de
1040 1842 1106 1907 ipro,
1117 1842 1191 1906 cujus
1203 1842 1281 1907 viget,

172 1911 200 1962 in
217 1913 302 1963 lucem
322 1915 484 1964 emitterent.
511 1915 620 1966 Freinab.
654 1915 708 1965 lta·
749 1919 899 1984 vigebitque
920 1918 1052 1981 memoria,
1069 1916 1282 1985 quamdiut‘uerit

100 1999 105 2008 '
172 2003 225 2056 que
240 1996 391 2040 manserunt
417 1990 487 2053 editi,
508 1991 569 2056 quia
597 1991 708 2055 primum
749 1994 776 2043 in
786 1994 872 2059 pretio
889 1997 1005 2046 Romana
1016 1994 1147 2060 cognosci,
1158 1994 1281 2061 quamdiu

173 2068 302 2126 mbatir
318 2068 378 2118 dein
389 2074 521 2119 transacta
531 2069 632 2120 carteia
644 2075 708 2119 tem·
748 2072 883 2137 quiequam
906 2073 968 2137 crit,
988 2073 1033 2138 qui
1053 2072 1235 2144 revertivelit
1246 2074 1280 2124 ad

174 2161 276 2211 parurn,
285 2162 378 2212 nempe
394 2149 486 2213 Sejauo
496 2148 652 2212 Tiberioque
664 2162 708 2196 ex·
748 2154 809 2197 acta
831 2150 965 2213 majorum,
986 2149 1109 2214 quamdiu
1137 2149 1282 2214 quiequam,

174 2219 275 2285 tinctis,
285 2222 344 2273 editi
354 2230 431 2272 eunt:
450 2238 510 2272 mox
522 2237 566 2273 eoa
580 2222 633 2287 legi
651 2237 709 2287 per·
749 2223 794 2286 qui
805 2223 868 2273 velit
879 2223 955 2285 scire,
966 2224 1027 2289 quid
1040 2224 1075 2273 eit
1085 2224 1125 2273 vir
1138 2224 1280 2288 Romanus,

173 2295 244 2345 mitit
258 2296 389 2361 Caligula.
421 2300 460 2356 Eo
472 2314 546 2350 aencu
559 2305 709 2348 manserant
749 2298 794 2363 qui
806 2299 919 2349 subactis
927 2300 984 2363 jam
1000 2300 1147 2350 cervicibus
1157 2302 1281 2363 omnium,

172 2376 294 2440 meritati,
308 2375 420 2427 durante
440 2378 541 2428 saevitia
558 2377 708 2441 imperitan-
748 2380 777 2423 et
788 2374 820 2423 ad
831 2374 996 2438 Sejauianam
1009 2377 1101 2441 jugum
1117 2376 1227 2440 adactis,
1244 2377 1281 2427 in·

172 2451 424 2519 tium3maneerunt,
433 2455 569 2519 cditieunt,
577 2459 709 2503 transacta
748 2449 860 2501 demitua
881 2454 916 2503 cit
936 2453 1022 2517 bomo,
1045 2454 1158 2517 ingenio,
1184 2454 1280 2517 animo,

172 2526 434 2579 caevitia'eorundem.
748 2542 826 2576 mann
848 2528 924 2578 iiber.
965 2530 1090 2593 Magnum
1111 2530 1280 2581 mehercule

206 2603 289 2669 Editi]
305 2606 357 2655 Dio
376 2606 473 2657 l.1.vn.
490 2593 633 2671 ‘librique
650 2605 707 2670 ejus
746 2601 930 2653 detrimentum
952 2606 1099 2669 respublica
1119 2613 1235 2670 ceperat,
1258 2606 1280 2659 ei

171 2682 200 2733 in
216 2683 283 2733 urbe
300 2682 399 2733 inventi
416 2691 479 2735 tnnc
501 2699 549 2749 per
568 2686 668 2748 aediles,
679 2689 707 2735 et
745 2678 819 2727 iilum
830 2679 865 2729 db
876 2679 940 2730 durii
957 2688 1028 2731 actea
1044 2682 1238 2746 pulcherrimae,
1252 2683 1279 2733 ill

172 2754 235 2810 foria
257 2774 305 2824 per
324 2759 482 2824 cingulorum
504 2760 620 2810 locorum
642 2775 707 2824 prm·
746 2754 902 2806 oblivionem
921 2757 1078 2822 conjectum,
1103 2758 1279 2823 eloquentiam

171 2834 267 2896 tector,
288 2837 396 2887 cremati
416 2845 489 2901 cunt3
508 2843 599 2901 postea
620 2843 706 2886 tamen
746 2830 1007 2896 etlibertatem,non
1019 2834 1137 2885 crniscea.
1162 2837 1280 2901 Legitur,

171 2913 270 2964 iterum
280 2914 359 2963 editi:
378 2928 436 2963 narn
448 2928 574 2977 com-cum
589 2913 641 2977 alii,
651 2921 706 2962 tum
746 2905 833 2970 floret,
843 2908 870 2957 iu
884 2924 973 2960 manue
984 2911 1123 2973 homiuum,
1134 2910 1161 2961 iu
1172 2921 1281 2986 pectora

172 2989 278 3039 Marcia
287 2988 341 3039 filia
352 2992 407 3054 ejue
419 2991 605 3050 occultaverat,
616 2993 644 3037 et
655 3002 707 3037 ma·
747 2990 878 3047 receptur,
899 2993 1057 3054 vetustatem
1080 2988 1175 3036 nullam
1194 2988 1279 3037 timet.

166 3064 221 3129 jori
232 3066 320 3118 studio
340 3065 374 3116 οι)
391 3078 478 3116 casum
489 3065 570 3115 Cordi
586 3070 646 3112 gunt
662 3078 707 3113 εχ.
746 3056 786 3107 At
806 3060 908 3109 illorum
928 3060 1076 3110 carnificum
1099 3061 1152 3111 cito
1170 3062 1279 3124 necleta,

173 3141 265 3205 cepti!
298 3144 429 3195 Quantum
449 3146 524 3205 patet
542 3154 576 3189 ex
589 3140 707 3190 hocloco
747 3134 838 3200 quibua
865 3137 926 3185 eolis
954 3137 1102 3186 memoriam
1122 3143 1286 3212 metuerunt,

172 3218 340 3283 Dionie‚jam
353 3233 408 3267 aevo
422 3215 541 3286 Augusti,
554 3216 618 3266 editi
631 3223 707 3265 erant
747 3212 911 3263 tacebuntur.
943 3215 1011 3264 llaec
1033 3214 1182 3278 magnitudo
1201 3211 1280 3263 animi

174 3292 289 3356 bilibri,
311 3301 339 3344 et
360 3295 387 3342 iu
410 3294 500 3355 vulgus
519 3293 618 3356 eparci:
647 3305 706 3341 uam
747 3289 785 3337 tui
796 3290 877 3339 vetuit
896 3303 937 3339 me
958 3290 990 3339 ad
1007 3297 1079 3339 tuum
1091 3304 1181 3339 sexum
1198 3286 1280 3354 reepiss

172 3382 225 3418 non
245 3370 321 3420 modo
342 3370 432 3421 Romae
449 3375 564 3419 cremata
578 3366 708 3431 exempla·
746 3378 824 3413 cere:
852 3366 937 3415 vetuit
955 3365 988 3414 ad
1011 3366 1119 3428 vultum,
1141 3380 1219 3430 quem
1238 3370 1280 3416 tot

171 3435 294 3508 riaannt,
304 3445 350 3495 aed
362 3446 442 3494 etiam
457 3444 483 3491 iu
501 3444 558 3492 aliia
574 3442 659 3492 ltaliae
678 3448 707 3492 et
747 3454 871 3490 annorum
890 3442 1014 3491 contiuua
1030 3442 1147 3506 tristitia,
1158 3442 1279 3493 ut'semel

171 3520 277 3585 imperii
294 3521 367 3584 locis,
385 3534 432 3584 per
448 3519 621 3568 Decurionce.
654 3518 706 3567 Sed
746 3514 865 3579 abduxit,
874 3518 966 3567 tenet!

172 3584 279 3661 dejecto
291 3595 483 3661 interfectoque
501 3595 603 3659 Sejano,
616 3607 710 3643 rursus·
778 3599 795 3623 '¹
811 3591 937 3656 Sequentia
945 3594 991 3643 ceci
1001 3595 1148 3659 memorium]
1160 3595 1218 3644 Hoc
1229 3599 1279 3658 eat,

172 3673 255 3737 editi3
272 3682 420 3725 manserant
432 3676 527 3740 quippe
538 3674 705 3737 exemplaria,
745 3684 780 3719 ne
801 3670 862 3736 quid
885 3686 918 3721 ex
940 3671 992 3721 cuia
1014 3673 1126 3736 probriu,
1152 3669 1216 3720 illud
1243 3669 1278 3720 ad

172 3765 231 3816 qua
242 3752 322 3802 etedi
332 3751 546 3816 permulceatur.
563 3751 706 3802 Quiaenim
746 3763 829 3798 avum
848 3749 998 3813 perveniat,
1014 3762 1089 3797 uerno
1109 3747 1176 3797 euim
1197 3754 1278 3811 nsque

171 3828 240 3882 adeo
249 3839 348 3898 potens,
358 3835 388 3880 ut
399 3830 503 3878 aboleat
512 3828 634 3891 ingenia?
649 3828 706 3892 quie
746 3821 812 3875 adeo
831 3823 937 3888 insanit,
960 3831 988 3873 ut
1010 3825 1101 3874 credat
1123 3822 1227 3872 abolere
1248 3837 1283 3892 ec¹

172 3915 370 3957 omnecaetatec
385 3913 414 3955 et
434 3906 545 3968 linguam
565 3903 643 3952 toriae
661 3918 706 3967 po·
745 3917 822 3967 porse
841 3903 936 3967 scripta
957 3899 1284 3965 «ῑοτιιιιι,ῳιίροεῑίρειιιιιΙ
1350 3967 1352 3972 Ι
1379 3903 1389 3912 “

172 3984 230 4050 puli
242 3985 315 4035 Rom.
327 3984 405 4033 silere
416 3983 512 4046 cogat?
585 3997 591 4008 ·
746 3984 806 4027 cunt
828 3976 933 4039 victuri,
949 3977 1019 4041 quod
1038 3989 1088 4024 uon
1107 3988 1183 4023 nemo
1200 3974 1280 4044 diuit.¹

206 4059 289 4126 Editi]
305 4061 419 4110 Seneca:
442 4058 498 4107 ‘Ut
520 4071 580 4106 vero
596 4057 706 4120 aliquam
746 4052 855 4102 Freiacb.
1246 4055 1250 4060 ·

172 4127 337 4188 occarioncm
348 4135 459 4186 mutatio
470 4141 615 4197 temporum
624 4131 706 4195 dedit,
779 4133 793 4161 ⁸
809 4126 906 4175 Partitis
926 4125 1039 4188 ingenita]
1068 4120 1145 4184 Fama
1164 4125 1282 4205 iib‘ffi‘iff

172 4212 313 4280 ingenium
325 4211 407 4276 patric
428 4210 475 4273 tui,
487 4208 520 4259 de
531 4223 582 4274 quo
593 4201 706 4257 snmt'nm
746 4218 803 4252 rum
817 4202 919 4265 crescit,
929 4217 987 4267 qum
1005 4202 1038 4252 ob
1052 4198 1206 4267 conpactam
1214 4201 1277 4268 'iup-

173 4294 234 4340 crat
254 4287 419 4355 supplicium,
435 4285 463 4336 ia
486 4298 558 4336 mum
576 4282 706 4334 bominum
745 4279 853 4346 plicium
876 4282 988 4347 luerunt,
1015 4279 1144 4333 cum‘tlbi
1167 4282 1277 4348 quiaque
